3242 5138
285 439 357 482 artu
482 421 534 480 att
551 417 794 492 SINGULORUM
809 417 1005 478 iturorum
1022 417 1278 478 annuntiatis.

284 569 324 632 sit
350 566 506 649 adscripta
518 587 527 640 3
562 563 655 629 horno
683 564 736 627 ille
768 551 963 628 doctissimus
992 581 1104 644 parum
1133 563 1330 628 considerate
1364 565 1477 636 iecisse

207 758 211 764 ,
285 693 425 768 videtur,
453 691 537 771 quod
562 691 679 754 Nonius
697 690 1057 769 alterum-fragmentum
1077 707 1116 752 ex
1135 695 1247 768 quarto
1267 687 1349 752 libro
1366 687 1478 760 lauda-

284 815 346 889 vit,
368 832 469 894 neque
491 812 571 877 haec
591 819 737 896 poterant
763 813 895 893 seiungi.
937 813 1000 876 lmo
1029 810 1105 874 mihi
1130 812 1256 892 quidem
1286 829 1337 876 res
1365 829 1477 892 parum

286 944 373 999 certa
396 953 463 998 esse
483 936 626 1008 videtur,
653 953 728 1002 uum
754 951 866 996 munus
894 934 1112 1014 gladiatorium
1131 935 1255 1016 Capuae
1279 933 1397 997 aditum
1416 934 1477 996 lioc

283 1059 317 1123 in
337 1059 449 1122 itinere
476 1059 610 1120 Lucilius
634 1048 856 1138 descripserit.¹
887 1059 978 1118 Certe
1004 1075 1044 1120 ex
1070 1056 1245 1138 fragmento
1267 1054 1316 1118 ii.
1342 1058 1477 1120 ...Ille

286 1182 365 1244 ulter
386 1181 550 1242 abundans
564 1197 631 1240 cum
645 1187 753 1258 septam
775 1179 937 1240 incolumia
948 1181 1056 1259 pinnis
1075 1181 1154 1242 redit
1167 1199 1203 1242 ec
1215 1179 1346 1259 reeipit”
1368 1196 1398 1240 ac
1416 1175 1478 1242 hoc

283 1319 346 1365 non
367 1302 542 1365 necessario
566 1302 654 1381 sequi
679 1301 891 1381 unusquisque
914 1302 1082 1384 iutelligit3
1097 1308 1257 1382 'poteraut
1287 1301 1371 1364 euim
1397 1302 1478 1366 haec

283 1426 334 1487 vel
354 1423 473 1503 tropice
495 1423 559 1486 dici
579 1430 611 1486 et
630 1425 778 1486 nonnulla
802 1441 869 1486 esse
891 1423 1007 1488 indicia
1027 1431 1122 1504 puto,
1147 1441 1209 1486 uon
1231 1431 1293 1485 tam
1315 1431 1477 1492 certamen

282 1545 498 1628 gladiatorium
527 1545 623 1610 tuisse
648 1553 824 1620 narratum,
855 1563 948 1625 quum
974 1549 1139 1610 nonnullos
1166 1546 1307 1610 homines
1333 1565 1351 1610 c
1382 1549 1478 1628 vulgo

283 1669 381 1732 rixam
408 1685 503 1749 super
528 1687 615 1734 mero
649 1676 795 1748 coortam·
819 1669 916 1746 caede
943 1676 975 1732 et
1000 1669 1181 1733 vulneribus
1206 1669 1393 1749 transegisse
1405 1691 1414 1741 ;
1442 1670 1478 1734 id

283 1793 365 1872 quod
386 1789 463 1854 mihi
483 1793 611 1872 quidem
631 1791 865 1875 fragmentatl
888 1800 920 1856 ct
940 1791 977 1854 at
997 1791 1173 1874 significare
1199 1793 1365 1866 ridentum
1380 1791 1477 1874 'quod

282 1917 382 1996 magis
401 1915 494 1978 etiam
509 1915 600 1982 tieret
613 1916 792 1995 probabile,
816 1915 842 1977 si
861 1916 941 1978 lunii
955 1916 1165 1980 coniecturam
1187 1915 1219 1978 in
1239 1916 1412 1996 fragmento
1424 1916 1476 1978 at.

281 2037 491 2098 admittimus:
514 2036 674 2098 Brocchus
696 2042 766 2098 ovat
786 2037 902 2098 locius.
943 2039 1037 2100 Cuius
1056 2041 1187 2102 victoria
1207 2045 1242 2101 ut
1262 2038 1478 2110 celebraretur

282 2158 443 2222 commode
466 2157 539 2221 addi
556 2158 676 2238 potuit,
706 2158 745 2220 ir.
762 2159 810 2220 ii.
842 2159 895 2222 illc
918 2159 997 2222 alter
1015 2158 1177 2221 abundans
1198 2177 1267 2220 cum
1287 2167 1397 2239 septem
1419 2159 1476 2226 iu-¹

281 2283 408 2344 columis
432 2282 540 2360 pinnis
569 2280 649 2342 redit
677 2297 713 2340 oc
739 2281 847 2358 recipit
874 2296 916 2341 ac.
956 2276 1005 2340 De'
1027 2278 1157 2357 reliquls
1183 2279 1305 2344 itineris
1336 2280 1476 2354 casibus,

277 2419 355 2492 quos
374 2401 541 2480 Vargcsius
567 2417 607 2463 ex
638 2399 820 2479 fragmentis
849 2399 967 2462 carnisse
989 2399 1049 2462 eilti
1069 2399 1153 2461 visus
1173 2406 1238 2473 est,
1270 2400 1316 2461 nil
1336 2401 1477 2479 amplius

280 2520 372 2586 addo.

355 2646 402 2716 De
421 2652 532 2725 quarto
556 2641 638 2711 libro
664 2651 764 2709 exstat
790 2645 981 2708 Scholiastae
1006 2642 1176 2718 iudicium,
1203 2642 1257 2723 qui
1286 2641 1327 2706 ad
1349 2641 1476 2726 tertiam

279 2769 378 2832 Persii
407 2769 532 2833 satiram
566 2767 646 2842 haec
676 2767 856 2831 adnotavit:
895 2767 986 2832 Hunc
1014 2769 1158 2832 sotrum·
1172 2774 1262 2847 poeto
1293 2783 1331 2828 aa·
1358 2766 1476 2856 Lucilii

280 2892 333 2954 tit.
358 2892 415 2952 IV.
444 2893 619 2967 transtulit,
648 2885 833 2971 castigantis·
855 2891 1013 2954 luxurium
1031 2892 1181 2958 ,diuitum
1197 2899 1225 2951 et
1252 2893 1340 2954 uitio.
1382 2889 1474 2968 Quod

279 3018 383 3080 airtcrn
402 3012 500 3092 magis
520 3013 560 3076 ad
577 3019 796 3094 argumentum
817 3013 973 3092 quemad
993 3013 1124 3076 sormam
1146 3012 1293 3076 carminis
1314 3014 1474 3094 pertinere

280 3134 444 3207 existim03
469 3151 541 3198 uam
564 3143 596 3200 ct
616 3153 718 3198 sermo
745 3136 796 3198 ille
815 3134 956 3216 magistri
975 3149 1048 3198 cuna
1067 3135 1221 3216 discipulo
1243 3135 1404 3200 insulatus
1422 3135 1473 3196 ui-

278 3255 336 3320 mis
356 3253 544 3329 abhorrete
566 3257 742 3321 Lucilianae
762 3258 873 3321 aetatis
887 3257 1036 3332 moribus,
1058 3263 1091 3320 et
1104 3261 1237 3338 graecae
1258 3255 1473 3339 philosophiae

279 3378 522 3445 contemtionem
547 3380 599 3442 vix
626 3398 644 3442 a
671 3379 787 3443 Lucilio
817 3387 883 3442 tum
910 3380 1048 3460 graviter
1077 3385 1217 3444 notatam
1242 3380 1337 3444 tuisse
1364 3379 1472 3442 credo.

278 3501 323 3564 lte
343 3502 412 3581 quis
430 3471 527 3584 igitur
554 3502 740 3574 vocabulum
762 3503 920 3574 transtulit
944 3504 1036 3568 nimis
1065 3511 1209 3584 premat}
1243 3504 1277 3566 in
1305 3503 1472 3566 verborum

280 3624 363 3718 euim
384 3626 539 3690 electione
558 3623 642 3688 haud
663 3626 706 3688 ita
726 3643 870 3712 maguam
899 3643 1006 3688 curam
1034 3625 1094 3688 hoc
1120 3626 1279 3688 homiuum
1298 3625 1475 3706 genus-im·

279 3746 399 3842 pendit.
440 3748 570 3811 Accedit
597 3748 680 3828 quod
707 3749 826 3812 lteratii
847 3749 974 3812 satiram
994 3747 1164 3813 secundam
1186 3747 1260 3814 libri
1281 3747 1412 3812 secundi
1431 3747 1473 3810 ad

281 3868 366 3932 idem
386 3841 563 3951 exemplum
583 3887 761 3951 expressam
784 3887 853 3934 esse
873 3877 1031 3944 statuunt,
1053 3870 1142 3936 cuius
1162 3871 1248 3932 color
1262 3876 1315 3934 'cst
1327 3868 1475 3934 diversis-

277 3991 390 4064 simus3
414 4009 507 4071 quem
528 3993 672 4074 equidem
692 3983 789 4058 multo
806 3993 955 4073 proprius
969 3993 1100 4073 uestigia
1121 3991 1230 4054 Lucilii
1249 3999 1390 4058 secutum
1405 4009 1473 4058 esse

277 4120 398 4190 statuo,
428 4132 521 4194 quam
549 4117 708 4191 Persium,
739 4115 810 4195 qui,
842 4131 923 4196 quae
954 4115 1020 4178 eius
1046 4115 1166 4198 ingenii
1196 4115 1256 4178 tuit
1284 4115 1472 4195 proprietas,

277 4236 400 4318 nonnisi
419 4254 536 4317 paucos
555 4239 648 4306 tlcrcs
674 4255 692 4303 e
716 4237 834 4303 Lucilio
854 4237 996 4302 delibare
1022 4238 1136 4320 potuit.
1175 4237 1272 4302 Laelii
1293 4235 1376 4300 euim
1395 4252 1471 4318 par·

278 4377 353 4434 sont
366 4361 463 4430 multo
476 4361 605 4445 propius
619 4361 658 4428 ad
672 4360 769 4428 otetti
782 4360 890 4430 norici
910 4357 1472 4449 simplicitatem'atquatrugtlitatuttt

210 4784 459 5096 Α,
590 4660 1031 5102 last
