3284 5128
294 475 346 518 cxc
670 455 720 513 llll
738 453 936 512 ORATlONE
954 449 1103 512 lucinii-

294 615 406 669 euotor
425 605 528 667 omnio
548 619 681 666 vorsum.
719 575 783 664 'Sed
813 601 896 680 quod
926 601 1024 680 magis
1054 599 1147 662 etiam
1177 597 1396 676 memorabile,
1424 603 1486 665 rote

294 747 397 792 occaso
420 727 515 800 dixit,
541 731 577 786 ut
601 723 685 804 apud
711 723 877 786 Salustium
904 730 1000 783 octote
1022 731 1157 793 senecto;
1185 738 1267 800 quae
1289 722 1391 783 omnia
1411 731 1484 784 sunt

293 849 460 922 eiusmodi,
483 853 517 910 ut
536 847 687 908 Lucilium
708 845 817 909 eadem
836 844 992 916 libertate,
1015 860 1076 922 qua
1096 861 1198 906 mores
1217 846 1391 922 aequalium
1411 845 1483 907 irri-

292 971 403 1045 debat,
430 971 523 1032 etiam
549 969 686 1048 vulgaria
709 967 986 1029 Grammaticorum
1012 967 1137 1045 regulas
1161 967 1330 1029 excessisse
1352 974 1485 1030 statuas,

292 1093 353 1154 Sed
373 1099 407 1153 ut
427 1093 543 1154 rectius
562 1091 602 1152 de
622 1089 761 1152 oratione
781 1089 890 1150 Lucilii
909 1095 1036 1162 statuas,
1059 1089 1151 1154 etiam
1167 1088 1333 1150 verborum
1346 1095 1483 1150 structu-

291 1231 357 1289 rae,
377 1232 458 1294 quae
482 1231 544 1275 non
564 1214 708 1292 vulgares
727 1229 829 1290 neque
848 1211 1005 1272 communi
1026 1205 1251 1274 consuctudido
1278 1211 1371 1273 tritae
1396 1219 1479 1286 sunt,

291 1343 440 1398 notentur
459 1351 588 1398 necesse
608 1342 665 1396 est.
706 1335 800 1396 Cuius
819 1335 944 1414 generis
961 1333 1040 1398 haec
1063 1341 1155 1396 sunt:
1177 1351 1324 1409 „munus,
1344 1333 1481 1396 officium

207 1469 213 1478 ’
292 1459 381 1537 iungi
393 1479 402 1531 3
431 1459 525 1520 elevit
553 1459 620 1518 luto
645 1457 848 1529 vestimenta,
880 1457 1002 1519 solvere
1027 1458 1106 1518 nulli
1129 1459 1242 1531 lentus,
1273 1456 1430 1518 coniicere
1447 1456 1481 1516 in

289 1597 462 1653 versuque
482 1580 638 1641 decollare
659 1567 823 1656 fructibus,
846 1596 906 1642 nec
923 1580 1046 1660 longius
1066 1580 1234 1659 quidquam
1253 1579 1354 1652 nobis,
1376 1579 1480 1642 ellerri

204 1667 207 1678 ¹
291 1701 373 1775 odio,
394 1719 532 1765 mensam
552 1703 756 1777 accumbere,
783 1703 829 1764 uti
852 1702 1002 1780 aliquem,
1030 1719 1142 1762 cornas
1168 1701 1291 1764 lluitare
1313 1718 1476 1782 capronas,

291 1824 424 1885 offerunt
437 1824 496 1886 sibi
510 1825 692 1900 molestiam,
714 1825 873 1905 ingenium
887 1819 1076 1897 defrudare,
1090 1839 1184 1884 venas
1197 1822 1330 1884 hominis
1349 1831 1479 1903 tangere

293 1953 385 2025 utque
406 1948 602 2026 praecordia,
625 1947 806 2008 concionem
821 1960 945 2026 cogere,
966 1944 1098 2025 ebulga
1119 1945 1271 2006 matrisin
1289 1946 1390 2007 lucem
1411 1943 1479 2006 edi-

291 2074 351 2140 tus,
379 2074 489 2147 pectus
509 2069 668 2148 irrigatur,
690 2083 763 2128 orco
783 2067 939 2147 spondent
958 2068 1140 2147 septimum,
1168 2066 1308 2129 decimae
1328 2068 1408 2129 male
1428 2085 1477 2129 me

288 2189 463 2269 accipiunt,
485 2189 567 2252 vitae
588 2190 807 2268 tranquillum,
829 2188 968 2251 scribere
988 2196 1132 2270 portenta
1153 2190 1324 2269 ungulaque
1344 2191 1478 2252 volucris

289 2327 326 2373 ac
346 2313 502 2391 pinnatos,
525 2311 666 2373 fastidire
686 2312 833 2386 alicuius,
861 2311 1021 2392 adspirare
1041 2312 1082 2373 ad
1104 2313 1233 2386 ostium,
1261 2313 1399 2393 gaudere
1419 2330 1477 2393 pro

289 2434 461 2509 commodo,
489 2433 599 2494 excido
629 2433 669 2495 ab
695 2433 894 2509 Archilocho,
921 2435 954 2495 in
977 2435 1081 2496 album
1106 2435 1227 2509 indere,
1258 2434 1410 2498 devorare
1440 2452 1475 2496 ac

288 2554 467 2630 deverrere,
487 2545 670 2620 servitutem
682 2557 862 2632 excludere,
884 2571 975 2618 nemo
988 2575 1056 2618 snm
1074 2557 1177 2631 homo,
1200 2557 1296 2618 hilum
1317 2571 1378 2618 non
1398 2574 1474 2638 pro-

287 2675 369 2751 iicis,
392 2678 467 2740 Cuia
488 2697 599 2759 opera,
621 2680 705 2742 leoni
725 2697 764 2741 ex
784 2696 839 2740 ore
859 2680 1043 2758 exsculpere
1067 2679 1233 2758 praedam,
1261 2697 1353 2743 ruere
1382 2687 1475 2759 atque

287 2801 433 2880 colligere
454 2801 591 2880 aliquid,
618 2803 645 2862 si
664 2803 804 2882 suggeris
825 2821 975 2882 suppum,
1005 2800 1159 2862 confixum
1188 2801 1304 2876 iacere,
1329 2821 1362 2866 os
1385 2803 1474 2864 invo-

286 2923 363 2996 lare,
384 2941 434 2984 me
454 2922 632 3002 impendet,
655 2925 826 2985 orationem
840 2923 1005 3004 compendi
1019 2923 1133 2998 lacere,
1157 2941 1234 2986 anos
1248 2925 1288 2985 ad
1309 2925 1472 2999 armillum,

287 3045 426 3120 argutari
448 3042 629 3117 mendacia,
651 3044 758 3106 timido
779 3045 865 3107 vadit
884 3047 965 3126 pede
986 3049 1133 3127 percitus,
1155 3057 1261 3126 presse
1281 3065 1332 3108 res
1352 3047 1475 3110 auferet

286 3180 403 3237 omnes,
425 3164 620 3227 coniectores
641 3167 819 3242 cardinum,
847 3187 996 3247 perversa
1014 3184 1104 3243 aera,
1131 3169 1261 3249 depilati
1280 3170 1474 3243 sumus,·de-

285 3285 383 3362 pellas
406 3291 499 3364 atque
520 3285 649 3362 denras,
672 3290 845 3368 praeservit
864 3289 968 3366 labra,
990 3291 1111 3365 delicit,
1135 3307 1169 3354 se
1196 3290 1319 3352 auterre
1349 3307 1366 3350 a
1394 3291 1470 3364 viro,

286 3415 407 3471 mentes
428 3408 467 3470 ad
487 3409 589 3474 sidera
611 3409 737 3487 tollunt,
763 3429 873 3492 aquam
895 3413 927 3474 in
948 3413 1049 3475 auimo
1068 3407 1188 3475 habere
1210 3414 1410 3485 intercutem,
1441 3413 1474 3473 in

284 3529 461 3594 libertatem
476 3532 627 3609 destinet,
649 3535 728 3596 iram
746 3535 900 3615 indulges,
922 3535 1058 3597 animum
1078 3553 1117 3597 ex
1138 3536 1263 3597 homine
1282 3533 1472 3609 interficere,

284 3653 402 3713 animos
417 3655 581 3716 attendere
602 3650 695 3734 atque
708 3658 869 3732 adhibere,
890 3665 1031 3720 ventrem
1046 3657 1154 3720 fovere
1168 3675 1207 3720 ex
1221 3659 1325 3718 molito
1341 3657 1471 3731 hordeo,

285 3771 357 3831 bolo
378 3774 518 3854 emungi,
540 3775 573 3834 in
593 3776 691 3836 lutum
713 3777 921 3855 descendere,
943 3781 1062 3842 litteras
1083 3779 1197 3841 docere
1216 3780 1326 3852 lutum,
1348 3779 1473 3840 liamina

284 3891 360 3953 suda
383 3895 573 3971 secundent,
600 3896 660 3958 hoc
682 3905 776 3962 exuat
796 3919 845 3974 se,
870 3901 985 3964 insulta
1007 3909 1037 3963 te
1057 3903 1090 3962 in
1111 3920 1175 3976 me,
1200 3901 1364 3980 inquibus
1386 3902 1471 3964 ecle-

288 4015 385 4077 rimur
399 4015 509 4092 relius,
526 4017 655 4100 vestigia
669 4038 702 4083 se
722 4039 850 4101 prorsus
864 4021 980 4097 lerunt,
996 4022 1184 4084 deletionem
1202 4023 1298 4084 nostri
1318 4022 1356 4083 ad
1379 4039 1473 4082 unum

284 4139 455 4211 exercitus,
481 4157 514 4200 sc
536 4141 668 4204 invitare
689 4143 852 4223 dapsilius,
878 4151 973 4222 caput
1000 4161 1091 4206 senso
1121 4147 1329 4220 nummatum,
1359 4161 1472 4224 corpus

283 4261 439 4340 perolesse
467 4261 609 4336 bisulcis,
643 4265 783 4347 suggeris
813 4282 962 4345 suppum,
1002 4283 1156 4329 remoram
1192 4266 1282 4339 lacit,
1321 4265 1472 4328 sullocare

281 4382 427 4455 lacunas;
454 4383 515 4446 vita
545 4383 687 4450 devincta
714 4389 825 4470 bulga,
855 4389 949 4452 aetati
974 4388 1117 4470 facieque
1143 4390 1257 4461 fautor,
1281 4385 1471 4458 contendere
