3250 5136
273 455 321 508 res
354 408 879 515 urrirssu'ooumcsurmou
900 455 1026 522 Arous
1045 455 1376 518 oosuuvurrouuu.

269 601 440 670 Socraticae,
459 615 605 656 sermones
617 600 765 669 Socratici,
782 617 904 672 quorum
919 603 994 671 apud
1012 599 1159 658 Horatium
1177 604 1282 661 mentio
1299 605 1348 662 tit:
1368 605 1447 664 Hauc

268 694 352 763 igitur
363 692 447 748 totius
464 691 519 746 loci
531 705 597 746 osse
610 691 775 746 seutentiam
794 691 907 760 putavi,
928 695 958 745 ut
969 690 1159 761 Aristippum,
1177 696 1328 763 antequam
1339 692 1447 766 Diony·

268 779 430 837 siumaheo
439 779 581 847 invitatus,
591 794 685 833 coram
695 780 851 848 accederet,
861 794 950 848 pauco
960 780 1159 848 transmisisse,
1170 781 1444 852 utitleiuteltigerot‚

268 869 335 940 quid
359 868 407 924 ilie
432 868 607 938 potissimum
631 868 659 922 iu
683 869 742 924 vita
767 873 943 938 sequeretur.
980 865 1092 937 Fragm.
1110 867 1226 929 ructo.
1254 885 1306 939 pro
1330 888 1447 927 eonem

269 959 359 1024 Opimi
374 955 526 1025 reposuisti
542 959 671 1013 convivia
679 995 690 1025 ,
706 957 829 1012 metricis
846 956 1033 1026 potissimum,
1051 957 1147 1025 credo,
1166 951 1321 1013 rationibus
1334 959 1444 1017 ductus.

267 1043 339 1100 Nam
357 1059 471 1100 sensum
490 1061 545 1100 uon
567 1045 761 1114 impugnabis3
788 1062 942 1113 conperrae
966 1045 1041 1099 euim
1065 1059 1117 1113 pro
1142 1049 1266 1100 convivis
1286 1050 1364 1102 recte
1391 1047 1445 1102 dioi

267 1148 370 1206 posse,
388 1147 472 1188 nemo
490 1131 606 1188 dubitet.
635 1129 692 1186 Sed
709 1148 762 1202 ego
784 1131 838 1187 hoc
861 1133 923 1188 loco
946 1131 1083 1188 Lucilium
1102 1130 1275 1189 Graecorum
1298 1136 1446 1196 metrioum

266 1223 360 1292 legem
377 1225 504 1278 secutum
517 1235 581 1276 esse
600 1221 740 1289 existimo,
760 1237 816 1290 qua
828 1219 973 1292 diphtoogi
991 1225 1128 1291 sequente
1144 1223 1234 1278 vocati
1248 1223 1444 1293 corripiuntur.

268 1313 343 1382 quod
370 1309 622 1380 incompositione
645 1309 748 1364 tactum
771 1325 836 1364 esse
861 1324 944 1363 uerno
971 1309 1074 1377 nescit,
1099 1313 1130 1366 ut
1146 1311 1292 1366 notissima
1312 1312 1444 1382 exempta

265 1405 452 1470 praeconetur,
478 1405 644 1468 praenotus,
668 1401 766 1466 praeit
793 1397 861 1452 satis
888 1397 1080 1466 comprobent·
1117 1398 1177 1454 lum
1206 1403 1335 1456 convicia
1357 1405 1445 1468 tepeo·

267 1491 361 1543 triam
379 1485 477 1540 Latine
495 1485 548 1540 dici
572 1499 657 1555 posse
674 1500 730 1539 uou
752 1485 929 1554 negaverim,
954 1486 1005 1540 sed
1023 1486 1146 1555 videsis,
1170 1503 1206 1542 ue
1231 1487 1293 1544 talis
1311 1489 1444 1558 toqueudi

267 1576 338 1632 ratio
357 1575 439 1632 nimis
457 1575 540 1644 louge
562 1572 738 1630 aLuciliaua
756 1573 932 1642 simplicitate
951 1574 1074 1630 recedat.
