3286 5126
507 387 1036 468 muronunmnnxroumuo:
1319 423 1366 468 cx

179 562 216 622 ul.
238 543 385 618 euc'iurc
419 553 532 616 ctccro-
550 555 694 616 salsiores
717 561 810 634 atque
826 531 1040 634 elegantiores
1064 568 1157 634 quam
1180 555 1369 621 Graecorum

178 685 304 744 ueteres
316 684 410 757 atque
423 677 569 740 urbanos
585 676 668 739 salas
684 677 779 740 luisse
798 677 963 740 iudicaret.
1002 679 1110 756 Neque
1129 695 1205 766 rere
1220 677 1366 751 bacillus,

176 817 250 865 com
278 799 394 862 veleris
410 801 550 882 ,Saturae
575 797 713 862 indolem
739 799 929 862 carminibus
955 799 1014 862 silli
1040 801 1274 880 exprimendam
1299 807 1368 864 esse

178 923 340 997 statuerit,
367 940 429 984 non
455 923 552 984 multa
580 923 711 983 mutavit
723 942 732 994 ;
758 921 813 984 sad
840 913 977 985 veterem
1004 923 1203 1002 asperitatem
1227 923 1367 997 mollivit,

179 1059 376 1107 verrucosam
396 1042 752 1125 loquendi-sartaginem
777 1051 812 1108 el
834 1044 1062 1125 sesquipedalia
1086 1051 1250 1124 pasterum
1272 1045 1368 1106 verba

180 1167 317 1249 expulit,
348 1168 485 1231 numeris
514 1167 660 1231 decorem
685 1167 790 1229 verbis
817 1167 993 1228 iuncturam
1012 1167 1139 1229 ‘addidit
1168 1173 1200 1228 et
1223 1164 1370 1247 ¹inprimis

180 1306 241 1369 pro
263 1287 391 1350 borrido
415 1286 468 1350 illc
495 1289 646 1352 Saturnio
668 1307 784 1364 versu,
808 1289 998 1370 dactylicum
1023 1289 1055 1350 lu
1082 1291 1208 1352 Saturae
1235 1289 1368 1353 induxit.

181 1411 218 1472 lit
237 1409 444 1490 boc-*quidem
464 1419 564 1474 metro
584 1413 648 1474 solo
668 1413 829 1492 inprimis
851 1413 962 1492 viginti
986 1407 1075 1474 libris
1095 1419 1127 1474 et
1154 1411 1187 1472 in
1213 1411 1374 1474 tricesimo

180 1549 256 1596 usus
270 1539 341 1607 eat,
363 1533 418 1598 sed
438 1532 613 1615 fragmenta
633 1534 706 1596 libri
726 1534 1033 1608 vicc'slmi'secnndi,
1058 1535 1083 1596 si
1099 1533 1230 1614 quidam
1249 1535 1372 1597 numeri

178 1655 331 1718 librorum
359 1663 446 1718 recte
478 1657 626 1738 exscripti
659 1664 747 1730 sunt,
785 1657 924 1718 senarios
953 1656 1119 1730 iambicos,
1154 1655 1372 1718 hexametrum

181 1777 369 1858 dactylicum
395 1785 427 1840 et
440 1786 586 1839 metrum
614 1768 786 1857 elegiacum
808 1776 972 1840 exhibent.
1014 1779 1128 1842 Contra
1156 1779 1237 1838 liber
1261 1771 1370 1840 xxvi.

181 1906 265 1962 tolus
289 1915 332 1962 'ex
357 1900 548 1964 tetrrmetris
565 1896 743 1962 trochaicis
771 1899 982 1962 acatalecticis
1007 1906 1040 1961 et
1064 1899 1255 1963 catalecticis
1285 1917 1373 1962 com-

77 2039 80 2044 ·
182 2021 301 2105 positus
328 2035 402 2088 csse
428 2021 569 2095 videtur,
601 2021 662 2088 nisi
690 2020 773 2100 quod
804 2019 950 2082 nonnulli
966 2021 1142 2101 ‚septenarii
1165 2028 1198 2083 et
1215 2021 1374 2086 octonarii

181 2143 309 2218 iambici
330 2143 453 2216 ineunt,
473 2143 501 2204 si
521 2142 646 2222 quidem
666 2141 738 2202 libri
761 2142 1045 2223 numerus‘ubiqne
1064 2149 1156 2205 >recte
1177 2159 1195 2204 a
1215 2141 1376 2205 Gramma·

181 2265 253 2328 tiois
281 2271 406 2328 notatus
436 2271 493 2329 ecc
515 2265 595 2328 -sco
625 2264 718 2328 etiam
745 2264 780 2332 ip
809 2263 890 2341 libro
922 2263 1044 2326 xxvii.
1072 2269 1181 2329 versus
1212 2263 1373 2342 trochaici,

184 2387 312 2450 iambici
334 2395 366 2451 et
385 2387 531 2467 dactylici
551 2387 640 2448 mixti
667 2402 739 2450 esse
754 2385 911 2460 uiderim
929 2386 1053 2448 cirria·
1069 2389 1122 2450 lV.
1138 2387 1231 2448 XXV.
1255 2389 1375 2467 nthuc

184 2509 339 2572 diversam
360 2509 430 2571 libri
451 2511 617 2572 xxxvul.
639 2510 791 2572 rationem
821 2527 889 2572 ease
915 2510 1102 2589 portaverim,
1125 2512 1242 2590 quippe
1261 2511 1294 2572 in
1315 2506 1376 2590 quo

187 2635 220 2700 e't
237 2634 305 2714 ipsc
325 2651 389 2696 non
409 2633 504 2694 modo
521 2649 631 2694 versus
654 2629 860 2692 trochaici'et
879 2629 1006 2696 iambici
1033 2629 1094 2692 sed
1116 2631 1209 2692 etiam
1229 2630 1375 2712 dactylici

183 2755 301 2818 insunt.
330 2755 395 2815 cir..
412 2755 453 2816 ir.
468 2756 509 2817 ,V0
524 2755 618 2815 xvll.
635 2753 744 2820 1111111.
759 2754 882 2816 xxxll.
897 2753 1014 2814 xuvll.
1060 2752 1122 2816 Sed
1147 2753 1375 2816 trochaicorum

184 2877 276 2958 longe
296 2869 516 2941 maximusest
534 2893 693 2946 numerus.
735 2879 848 2941 Contra
867 2878 901 2938 in
920 2877 1001 2938 libro
1021 2876 1263 2940 undetricesimo
1277 2877 1376 2940 maior

186 2999 390 3062 iambicorum
410 3017 563 3063 uersuum
584 3016 740 3065 «numerus
770 3017 838 3064 esse
863 3000 998 3075 videtur,
1031 3000 1087 3063 sed
1116 3002 1210 3064 etlam
1237 2977 1377 3068 melicus

187 3122 268 3184 inest
286 3121 452 3185 xxxvltl.
481 3121 629 3201 dactylici
643 3121 735 3183 .XlV.
751 3121 817 3184 XV.
828 3123 899 3186 Xll.
917 3124 1072 3202 *multique
1098 3115 1249 3207 trochaei.
1290 3125 1380 3188 llnilc

188 3251 273 3306 recte
300 3243 410 3322 aliquis
438 3244 574 3323 colliget⁴
589 3243 622 3304 in
649 3241 700 3306 hia
728 3243 853 3322 quidem
882 3243 971 3306 libris
990 3245 1141 3313 bacilium
1162 3245 1202 3306 ab
1222 3246 1379 3310 Ennianae

157 3397 159 3402 ·
187 3374 311 3430 saturae
331 3367 431 3435 torma
451 3383 514 3428 non
537 3367 936 3438 ilamultumoecessisse‘,
958 3383 1036 3444 quas
1056 3373 1088 3428 et
1106 3369 1189 3448 ipsas
1209 3373 1379 3428 metrorum

187 3497 220 3558 ot
239 3489 410 3550 carminum
430 3488 582 3550 varietate
601 3487 714 3549 mixtas
734 3487 828 3550 luisse
849 3487 1062 3564 Quinctiliano
1076 3495 1216 3549 auclore
1239 3488 1380 3550 homines

188 3611 275 3674 docti
290 3619 378 3674 recte
396 3617 574 3674 statuerunt
593 3607 652 3672 clr.
673 3609 799 3687 Quinct
822 3611 903 3670 lnstc
917 3609 973 3671 Or.
995 3611 1032 3671 Χ.
1057 3623 1086 3672 c.
1104 3611 1131 3671 1.
1145 3609 1194 3672 at.
1218 3611 1380 3685 „alterum

187 3733 265 3794 illud
286 3741 313 3792 et
333 3734 396 3792 iam
412 3737 504 3814 prios
525 3737 656 3798 Saturae
675 3751 792 3814 genus,
811 3733 866 3798 sed
887 3751 950 3796 non
964 3735 1030 3796 solo
1043 3733 1214 3796 carminum
1228 3734 1380 3798 varietate

187 3857 335 3929 mixtum,
367 3857 506 3922 condidit
531 3858 751 3926 commotius
780 3857 910 3918 Varro.”
949 3856 1003 3918 llla
1028 3857 1127 3937 igitur
1151 3865 1322 3918 metrorum
1349 3864 1381 3920 et

189 3976 362 4040 carminum
382 3979 533 4054 variatas,
554 3981 587 4041 in
608 3997 668 4060 qua
688 3979 815 4059 quidem
838 3979 981 4053 inerunt,
1004 3979 1057 4058 qui
1078 3979 1235 4042 Ennianac
1251 3981 1381 4042 Saturae

189 4107 414 4186 proprietatem
432 4103 562 4183 positam
584 4123 653 4168 esec
675 4110 858 4178 censerent,
880 4116 978 4181 quam·
991 4107 1028 4163 el
1047 4101 1212 4164 Diomedes
1227 4107 1260 4164 'et
1277 4089 1380 4180 Quinss

191 4229 338 4298 otilianca
359 4224 556 4290 a-Luciliana
576 4225 796 4302 seiunxerunt,
821 4239 1017 4304 nequaquam
1038 4223 1077 4284 ad
1099 4227 1167 4285 eam
1189 4225 1285 4284 solam
1306 4238 1382 4303 per-

191 4349 302 4426 comt,
322 4351 366 4413 ila
386 4356 421 4414 ut
433 4351 504 4434 ipso
514 4347 665 4423 Lucilius,
685 4349 866 4428 ceteroquin
881 4353 946 4408 toto
960 4345 1047 4408 coelo
1061 4344 1102 4408 ab
1115 4345 1213 4408 Ennio
1227 4344 1379 4420 diuersus,
