3286 5126
495 425 615 488 anuo
634 425 774 488 enarra
792 425 1024 490 nxnonuun·
1308 449 1358 492 xe
1418 389 1420 393 ’

167 575 353 651 obtineant,
385 582 442 638 ant
468 575 601 638 atiorunn
631 574 760 636 iniurias
789 571 975 649 defendant,
1003 575 1066 638 otio
1094 575 1240 639 truantur
1265 583 1361 656 atque

167 715 306 774 mesu,
322 697 410 779 quad
428 715 534 760 omnes
547 703 660 776 poetae
680 713 798 761 summo
811 695 913 758 studio
928 699 1168 777 amplectuntur.
1197 699 1242 762 Ne
1255 706 1360 763 mareu

166 821 266 901 magis
289 819 497 884 contentionis
516 836 609 898 qnam
622 819 763 881 verimtis
780 818 883 881 studio
903 818 965 881 hec
985 819 1102 882 dietum
1121 837 1192 884 ease
1203 821 1358 896 videatur,

168 949 264 1006 tetam
284 959 352 1004 rent
372 943 405 1004 in
423 941 767 1022 medie'retinquamus,
780 938 886 1020 ‘atque
906 939 965 1002 hoc
986 941 1086 1002 sotum
1105 949 1276 1017 teneamus,
1299 946 1360 1008 ite·

167 1082 332 1128 manorum
358 1063 477 1128 animos
505 1081 578 1132 eum*
600 1063 795 1127 stomachose
821 1064 875 1125 illo
900 1063 1052 1127 acuminis
1075 1081 1193 1144 genere
1218 1065 1358 1130 acerbis·

169 1207 234 1269 que
260 1188 381 1250 facetiis
406 1203 465 1268 per
491 1189 618 1268 longum
645 1187 793 1268 temporis
819 1187 952 1266 spanum
984 1203 1003 1248 a
1034 1186 1231 1268 diligentiore
1260 1189 1362 1269 poesis

170 1309 279 1372 etudie'
302 1310 398 1372 iuuse
429 1316 592 1384 avocatos,
626 1315 691 1378 tum
719 1309 866 1372 ittiberali
894 1311 947 1372 itta
974 1310 1148 1372 animorum
1175 1311 1359 1386 intentione,

171 1449 232 1512 qua
252 1431 382 1495 adducti
402 1432 515 1494 aruum
535 1439 566 1494 et
585 1432 761 1496 litterarum
780 1431 883 1495 studia
903 1433 971 1495 fere
992 1433 1126 1496 utiitate
1140 1432 1361 1508 metiebantur,

169 1554 227 1617 cir.
244 1555 308 1616 Cic.
323 1556 416 1618 Tusc.
432 1555 518 1634 Disp.
535 1556 558 1615 Ι.
575 1555 603 1616 i.
619 1555 649 1617 a.
674 1556 746 1616 Hor.
766 1556 800 1616 Α.
816 1557 851 1615 Ρ.
867 1554 934 1616 525.
976 1555 1132 1629 ‚‚liemani
1149 1555 1240 1636 pueri
1261 1555 1377 1635 longi'e‘

169 1677 343 1741 rationibus
363 1695 463 1744 assem
487 1677 611 1740 discunt
629 1677 662 1738 in
686 1684 791 1756 partes
810 1675 969 1740 deducere
972 1719 1071 1739 .....
1096 1678 1161 1752 An,
1187 1675 1268 1740 haec
1293 1677 1361 1740 aui·
1483 1693 1486 1698 ·

169 1817 235 1862 mos
252 1815 368 1880 aerugo
390 1806 424 1860 et
443 1815 519 1860 cura
539 1799 644 1878 peculi
667 1807 738 1860 eum
771 1799 867 1860 semel
889 1797 1053 1872 innituerit,
1084 1815 1260 1879 speramns,
1292 1815 1363 1862 ear-

170 1923 253 1984 mina
268 1922 345 2002 tiugi
362 1938 455 2003 posse
467 1921 594 1984 inentia
608 1920 703 1984 cedro
717 1927 750 1982 et
768 1921 835 1991 levi
845 1920 997 1984 servanda
1011 1921 1204 2002 cupreeeot”
1224 1921 1362 1984 Accessit

167 2043 295 2108 laboris
305 2043 443 2107 taedium
461 2043 494 2104 in
509 2041 700 2106 carminibus
716 2043 926 2123 expetendis,
948 2044 1065 2124 qnippe
1077 2061 1140 2124 quo
1160 2043 1285 2123 ingenia
1298 2061 1361 2106 uun

168 2164 244 2228 acui
261 2165 318 2228 aed
338 2165 429 2228 obrui
446 2165 639 2228 statuebant.
661 2165 720 2228 cir.
741 2165 816 2228 tior.
839 2167 916 2246 tipp.
932 2168 971 2228 ΙΙ.
987 2167 1016 2228 t.
1031 2166 1099 2228 aua.
1129 2167 1237 2240 ‚Mam
1262 2165 1361 2246 acuat

167 2287 416 2368 tragicumsatis
437 2295 468 2350 et
487 2289 622 2352 feliciter
640 2288 824 2363 audet-sed
843 2296 967 2371 turpem
988 2295 1078 2370 putat
1096 2289 1209 2353 inseite
1230 2288 1359 2352 metue

169 2427 231 2489 qua
249 2410 406 2475 lituram.”
447 2411 522 2474 inde
548 2411 665 2474 iactum
692 2417 740 2474 est
767 2418 802 2474 ut
828 2413 1032 2492 perlongum
1057 2412 1205 2492 temporis
1226 2410 1360 2493 spanum

167 2532 297 2612 vestigia
317 2533 398 2594 ruris
411 2539 584 2598 manerent.
625 2530 671 2596 Ad
693 2533 893 2613 asperitatem
912 2533 998 2596 rudit
1012 2537 1044 2602 et
1062 2535 1241 2598 inconditae
1258 2534 1361 2615 pocus

164 2654 384 2718 accomodatus
401 2655 813 2728 iuitnnmerusSaturnius,
838 2654 891 2732 qui
913 2653 1039 2728 dicitur,
1065 2656 1130 2736 qui,
1151 2673 1213 2734 que
1233 2657 1359 2738 husius
1421 2715 1426 2732 ,
1530 2643 1546 2666 ’

169 2793 194 2838 a
216 2793 363 2838 versuum
382 2775 610 2856 norwicorum
630 2780 714 2851 arte,
742 2776 894 2840 varietate
924 2783 957 2838 et
983 2777 1139 2856 elegantia
1169 2776 1296 2852 aberat,
1323 2795 1361 2844 eo

165 2898 270 2962 minue
289 2897 331 2960 ad
350 2913 403 2960 ora
423 2915 593 2978 puerorum
612 2897 776 2978 figuranda
797 2898 883 2960 etad
904 2898 1007 2978 poesia
1020 2898 1155 2964 studium
1176 2915 1362 2979 promoven·

167 3019 244 3082 dnm
265 3019 373 3082 auoit.
415 3021 509 3084 Cuius
522 3020 648 3100 quidem
668 3021 760 3085 metri
779 3022 965 3100 rationum
981 3021 1095 3093 fuerit,
1118 3021 1202 3092 ducti
1221 3022 1362 3087 hemines

166 3149 291 3206 certant
310 3150 343 3206 et
362 3139 466 3206 adhue
481 3143 538 3206 sub
552 3143 656 3206 iudice
669 3144 707 3206 lis
720 3149 777 3206 est.
814 3144 876 3206 Sed
895 3141 971 3206 mihi
986 3147 1139 3223 quaerere
1153 3144 1256 3220 tibuit,
1278 3144 1362 3208 unde

172 3282 279 3330 venua
296 3264 342 3328 illi
361 3264 497 3327 saturnii
523 3282 636 3328 nemen
662 3265 843 3330 ‘traxerintt
872 3283 946 3328 num
971 3267 1054 3328 inter
1081 3279 1225 3330 ramnum
1251 3285 1364 3330 nomen

168 3395 201 3452 et
219 3359 371 3465 ⁴ficturus,
406 3389 619 3468 unuquieeima
651 3391 860 3453 Romanorum
880 3389 1030 3463 earmina,
1061 3389 1177 3451 aretine
1207 3387 1362 3468 quoddam

166 3511 328 3578 nmium
341 3513 500 3576 vinculum
513 3510 735 3585 intercederet,
759 3527 872 3572 necne.
914 3513 958 3571 Ac
978 3510 1112 3590 primum
1135 3512 1242 3572 mirari
1255 3510 1360 3584 subiit,

166 3635 250 3714 qnod
268 3651 375 3699 omncs
395 3619 483 3706 iere,
502 3634 677 3697 casauboni
697 3639 867 3713 praecepta
890 3632 1007 3707 secan,
1034 3649 1138 3712 neque
1156 3633 1296 3696 Graecae
1316 3639 1363 3695 at·

169 3773 232 3835 qus
259 3758 385 3820 Luinae
418 3757 521 3837 poesia
553 3756 707 3836 satyricae
742 3757 837 3818 ullam
869 3755 1048 3818 iuncturam
1077 3755 1296 3828 admitterent,
1330 3763 1362 3818 et

169 3877 301 3942 eandem
330 3879 488 3942 nominum
516 3879 667 3961 originem
695 3894 764 3942 esse
790 3885 954 3959 negarent.
1002 3879 1040 3942 ut
1076 3878 1208 3942 numinis
1237 3877 1363 3958 quidem

167 4001 322 4081 originem
341 4001 424 4079 quod
446 4003 558 4064 attinet
577 4002 742 4066 Putamus
769 4002 885 4082 (tiebat
906 4003 1066 4082 Uesprung
1084 4001 1148 4064 uud
1172 4001 1289 4080 tisgritt
1306 4000 1363 4063 der

165 4123 267 4186 Satira
288 4124 349 4202 nt
376 4113 564 4202 suspirante
584 4132 721 4188 statuere
742 4123 877 4198 videtur,
902 4141 1015 4186 nomeu
1035 4121 1186 4207 σάτυρος
1206 4137 1274 4186 essa
1304 4122 1360 4186 de·

170 4244 337 4308 rivandum
357 4261 376 4306 a
398 4245 495 4308 verbo
514 4242 567 4310 ἄω
589 4248 707 4310 aeolice
728 4267 801 4314 oco
819 4248 840 4308 i.
859 4265 888 4310 e.
910 4233 1039 4321 sauma,
1061 4245 1134 4309 ride
1152 4245 1325 4327 tieeyetnns
1338 4267 1362 4309 s.

168 4385 199 4432 v.
215 4365 304 4457 Σαῖς
317 4368 338 4438 i.
350 4386 380 4438 a·
396 4365 511 4460 κῶρος
525 4376 557 4437 et
571 4387 598 4438 a·
608 4388 640 4434 v.
662 4366 825 4454 Δεόαδες·
843 4370 879 4437 ot
896 4366 1040 4456 adrepet
1058 4367 1156 4455 eunti
1175 4367 1361 4452 luentem.
