3286 5126
363 433 413 509 DE
436 435 677 498 SINGULORUM
697 435 893 497 truncatim
911 437 1167 502 autumamus.
1297 461 1363 504 nrxr

172 599 211 644 ex
237 581 298 644 ime
318 583 413 650 satira
436 589 557 662 sumpta
578 597 647 645 esse
662 589 848 648 statuerunt.
882 583 943 648 sed
965 585 1031 646 Van
1052 587 1205 652 liensdlus
1224 589 1362 664 coniicit,

170 703 234 768 lrac
252 707 288 768 in
312 705 412 766 Satira
438 705 536 786 ipsius
564 705 673 768 Lucilii
700 705 798 770 vitam
822 706 916 770 inisse
944 715 1137 799 enarratam,
1166 709 1241 790 quia
1264 681 1363 772 Persii

171 825 349 890 Scholiasta
367 835 497 888 auctore
517 827 652 890 Lucilius
677 829 771 890 vitam
792 843 889 892 suam·
903 817 1062 910 scripsisse
1083 837 1116 892 et
1137 847 1200 892 non
1223 831 1282 894 sibi
1306 845 1363 913 pe·-

171 949 310 1031 percisse
347 949 478 1031 dicatur.
521 949 616 1013 Cuius
647 951 773 1030 quidam
803 953 977 1034 sententiae
1007 952 1069 1014 vim
1098 953 1165 1032 ipse
1194 954 1360 1032 imminuit,

171 1071 255 1151 quoti
282 1077 403 1152 poetam
430 1079 461 1133 et
487 1072 529 1132 in¹
544 1070 608 1132 lroo
635 1080 667 1134 et
690 1073 723 1133 in
749 1073 816 1144 aliis
841 1072 929 1135 libris
953 1075 1133 1154 saepissime
1160 1075 1199 1137 de
1222 1093 1280 1138 sua
1298 1077 1365 1144 ritu*

170 1193 273 1274 egisse
292 1191 459 1268 concedit„
473 1193 505 1254 id
527 1194 610 1272 qarod
629 1193 795 1258 scholiasta
818 1203 851 1258 et
873 1197 941 1276 ipse
963 1195 1133 1277 significat,
1167 1199 1243 1271 „lta
1269 1196 1305 1258 it
1326 1204 1363 1258 nt

170 1315 280 1378 Lucilii
299 1315 447 1376 vitatam
467 1315 507 1378 sit
526 1318 610 1380 clara
631 1335 690 1398 pec
707 1318 819 1392 libros,
842 1321 931 1398 quasi
946 1320 979 1382 in
992 1319 1098 1382 tabula
1113 1318 1361 1392 ostenderetur,”

171 1438 254 1518 quon
277 1439 339 1505 iam
360 1439 506 1502 Horatius
526 1442 601 1512 satis
622 1439 838 1503 declaraverat
859 1442 942 1504 Ι9111.
966 1443 993 1503 1.
1016 1441 1055 1502 50
1073 1459 1139 1521 sqq.
1181 1441 1241 1504 Sed
1264 1442 1362 1521 magia

73 1621 75 1629 ,
170 1560 262 1622 etiam
289 1561 485 1636 mirandum,
512 1563 597 1642 quod
623 1569 659 1625 ut
684 1564 819 1643 aliquam
844 1565 1020 1644 argumenti
1042 1563 1253 1626 diversitatem
1279 1564 1362 1626 inter

169 1683 283 1746 librum
298 1701 413 1746 nonum
436 1691 468 1747 et
486 1686 641 1748 decimum
661 1703 729 1749 esse
749 1687 894 1760 doceret,
916 1693 1040 1766 poetam
1059 1687 1092 1748 in
1110 1688 1162 1749 lX.
1176 1687 1257 1748 libro
1270 1703 1363 1767 prae,-

169 1806 261 1884 cipua
280 1805 468 1886 imperitiam
495 1807 694 1872 librariorum
714 1808 736 1869 i.
753 1827 782 1870 ε.
805 1824 913 1870 eorum
930 1809 1166 1889 qui-poetarum
1179 1808 1282 1870 libros
1301 1808 1360 1875 tle-r

168 1928 375 2008 scripserint,
404 1928 557 1996 refutasse
586 1937 618 1993 et
641 1947 749 1996 ueram
771 1932 966 2012 scriptoram·
981 1916 1193 2005 constituisse,
1220 1947 1279 1992 nec
1301 1929 1361 1992 nisi

168 2049 275 2113 oblata
286 2052 450 2114 occasione
469 2059 579 2132 poetas
598 2053 765 2133 petivisse,
786 2055 819 2115 in
837 2055 877 2116 X.
891 2055 978 2116 libro.
991 2055 1024 2116 in
1041 2052 1254 2117 obtrectandis
1272 2053 1361 2134 ipso=

168 2188 238 2236 rum
262 2180 424 2254 poetarum
446 2174 636 2238 carminibus
655 2149 815 2239 versatum
835 2193 902 2240 esse
922 2176 1048 2240 dixerit.
1089 2175 1179 2255 Quae
1203 2175 1305 2238 omnia
1326 2179 1361 2236 ut

167 2296 373 2361 incertissima
390 2298 435 2360 ita
455 2315 518 2360 non
538 2298 632 2380 (ligna
652 2306 741 2374 sunt,
762 2301 796 2364 in
816 2300 930 2381 quibus
941 2299 1123 2362 refellendis
1135 2315 1359 2380 oper-amper-

168 2419 343 2507 steens>
783 2397 785 2400 ⁴

244 2546 291 2606 Ile
320 2545 472 2606 varietate
503 2545 646 2608 lectionis
675 2543 756 2608 haee
789 2543 946 2611 monenda
977 2555 1046 2607 esse
1062 2543 1230 2608 uidentur.
1272 2546 1361 2607 Falso

168 2669 283 2748 Corpet
303 2668 409 2728 Crassi
428 2683 485 2747 pro
508 2667 628 2730 Crassis
648 2677 677 2730 et
694 2671 773 2730 sicot
792 2668 989 2730 describimus
1012 2665 1158 2731 emendat
1170 2687 1179 2726 :
1191 2673 1295 2739 ratos,
1316 2665 1359 2727 tie

168 2791 345 2869 eloquentia
358 2791 476 2865 crassi,
496 2792 664 2853 Scaevolae
676 2791 801 2870 generi,
818 2763 889 2870 agi3
911 2795 943 2851 et
954 2787 1189 2850 similituninem
1201 2785 1362 2866 quandam

167 2929 240 2974 oum
261 2913 298 2974 iis
318 2912 377 2974 sihi
396 2913 551 2976 invenisse
571 2915 658 2976 visus·
676 2915 743 2988 est,
765 2912 897 2993 quaein
918 2911 1078 2973 Ciceronis
1101 2911 1197 2994 Bruto
1213 2911 1360 2992 leguntur

167 3052 196 3097 c.
211 3035 508 3099 XXXVill-XLlV.
550 3033 616 3100 seu
634 3055 692 3119 ego
711 3043 814 3099 statuo
828 3037 954 3098 Crassos
973 3033 1116 3114 intelligi,
1140 3031 1283 3095 omnihus
1302 3029 1361 3092 ho·
1483 3118 1488 3127 s

167 3157 296 3220 nuribus
310 3159 504 3232 cumulatos3
525 3165 650 3239 poetam
671 3165 774 3232 autem
788 3175 876 3220 snum
889 3157 1089 3237 interponere
1108 3155 1275 3228 iudicium;
1297 3171 1360 3217 non

169 3279 250 3344 enim
273 3281 376 3342 omnia
396 3283 533 3368 carnium
554 3281 636 3344 bona
660 3281 719 3344 sibi
739 3288 864 3362 optare,
891 3279 1007 3343 sedala
1028 3279 1088 3340 alio
1108 3279 1167 3340 alla
1188 3295 1257 3340 esse
1272 3293 1358 3339 sum-

167 3409 303 3482 pturum.
324 3405 364 3464 lr.
380 3406 418 3466 li-.
439 3404 533 3468 lectio
554 3403 651 3466 Codd.
670 3411 737 3466 orat
757 3402 939 3482 retinenda3
961 3409 996 3463 ut
1016 3401 1099 3462 enim
1118 3400 1359 3462 rorortcsoetes

165 3525 273 3588 Latine
287 3533 373 3588 recte
387 3526 513 3601 dicitur,
534 3527 594 3600 ita,
617 3543 688 3588 crrm
708 3525 830 3588 duobus
849 3525 925 3587 locis
946 3525 1087 3587 rorarios
1109 3522 1194 3582 celes
1207 3517 1358 3599 scripturn

165 3646 216 3720 sit,
242 3661 294 3726 ap.
310 3651 390 3710 Non.
406 3667 437 3729 p.
455 3649 512 3710 580
527 3666 555 3710 a.
578 3649 677 3710 altero
697 3651 766 3710 loco
786 3647 873 3712 velox
893 3645 1068 3726 corrigere,
1090 3644 1188 3706 altero
1209 3643 1287 3706 celes
1308 3653 1359 3708 re*

165 3768 268 3830 tinore
293 3787 401 3851 parum
430 3773 586 3834 convenit.
635 3771 735 3833 Etiam
767 3770 807 3834 ir.
837 3772 887 3835 tv.
916 3769 1066 3832 causatius
1091 3762 1221 3831 retineri
1244 3765 1360 3847 potuit·

164 3889 244 3952 nihil
265 3892 347 3954 enim
373 3889 468 3956 habet
487 3892 553 3956 hoo
572 3894 771 3968 vocabulum,
801 3894 832 3954 in
855 3911 916 3972 qno
937 3891 1085 3954 oliendas.
1116 3889 1155 3951 ir.
1169 3890 1222 3952 Vl.
1246 3891 1360 3968 Carpat

164 4015 379 4077 coniecturam
411 4017 512 4079 Dusae
540 4019 689 4098 recepit:
728 4018 860 4096 lcopuor
887 4014 915 4077 ai
942 3989 1130 4093 obrepsitpuc
1159 4013 1214 4075 ssd
1243 4013 1359 4074 rectius

162 4137 256 4198 lectio
272 4137 418 4200 Codicum
439 4141 592 4203 retinetur
611 4143 742 4222 looquor
754 4140 975 4222 'oppressitque'
987 4138 1096 4217 pipror
1116 4141 1176 4197 etc.
1199 4141 1226 4196 et
1246 4133 1311 4196 sive
1331 4134 1360 4193 ei

164 4261 287 4322 omisso.
322 4261 446 4325 invii.
473 4279 530 4325 noe
553 4283 640 4346 queem
661 4267 707 4338 in,
735 4263 819 4344 quod
846 4265 930 4324 Dusa
950 4277 968 4322 e
988 4251 1095 4320 codice
1116 4255 1267 4329 restituit,
1295 4273 1358 4316 non

163 4384 394 4461 neeessariam,
427 4382 514 4468 quod
546 4385 722 4478 interiectio
755 4365 1005 4465 consequenti
1037 4381 1072 4442 tn
1104 4397 1168 4442 non
1198 4375 1355 4446 coalescit·
1385 4385 1395 4392 '
