3242 5138
521 472 531 477 ·
592 451 642 506 DE
663 439 693 508 C.
707 450 844 508 LUCILII
866 453 967 510 VITA.

235 675 237 680 ,
331 600 420 660 Nunc
443 597 495 657 Cai
515 574 660 674 quoniam
680 597 811 660 incilans
833 603 889 658 nos
909 597 1002 659 laedi'
1022 598 1167 660 vicissim.

332 722 372 780 Ut
390 719 485 780 semol
508 718 540 777 in
561 719 645 778 Caeli
665 735 787 798 pugnas
806 725 837 779 te
856 718 1007 782 invadere
1028 719 1114 790 vidi3
1137 763 1140 766 -
1211 727 1217 737 '

180 859 239 930 qua
264 841 303 902 de
328 859 362 901 re
383 857 478 920 penes
496 839 699 918 intelligentis
730 839 769 900 sit
793 827 966 902 iudicium.'
996 841 1057 902 Sed
1087 843 1179 920 plane
1204 843 1371 906 ridiculum

181 972 243 1037 est,
265 957 347 1041 quod
369 981 407 1022 ax
427 961 532 1023 verbis
554 961 722 1052 Varronis:
755 962 861 1034 „lude
878 971 949 1040 post
968 964 1002 1022 in
1024 963 1101 1040 arde.
1117 965 1219 1025 Lucili
1235 967 1371 1044 pistrino

179 1087 229 1146 ool
243 1085 381 1162 pistric”
402 1083 478 1156 luit,
501 1083 554 1161 qui
574 1083 754 1163 colligeret,
780 1084 945 1162 pistrinum
960 1084 1086 1162 quidem
1105 1087 1266 1164 proprium
1284 1089 1371 1148 illum

179 1203 341 1279 habuisse,
362 1206 395 1265 in
416 1223 477 1283 quo
497 1205 591 1266 anImi
607 1204 993 1270 aut-varctuotnis‘causa
1012 1206 1053 1267 ad
1078 1206 1202 1285 pIstoris
1222 1225 1299 1285 opus
1318 1208 1369 1268 in-

171 1329 329 1391 cubuisse
350 1335 381 1388 et
410 1328 507 1406 pilum
536 1334 686 1389 tractasse
703 1327 870 1390 'uocatur
914 1329 981 1389 Sint
1004 1328 1085 1390 enim
1106 1330 1202 1390 verba
1222 1331 1371 1392 Varronis

178 1450 386 1522 subobscura,
409 1449 573 1528 quodiam
592 1450 943 1530 Scaligerus'vldarat,
958 1457 1063 1512 tamen
1083 1450 1143 1512 hac
1164 1457 1249 1513 certe
1268 1453 1369 1514 inter-

179 1573 353 1653 pretatione
368 1571 548 1634 *difficultas
574 1572 636 1635 non'
665 1572 794 1634 tollitur.
835 1571 899 1633 lloc
924 1580 1047 1636 tantum
1069 1591 1108 1634 ex
1133 1575 1202 1635 loco
1222 1576 1370 1636 Varronis

179 1697 282 1777 colligi
298 1711 396 1774 ¹posse
419 1695 611 1774 putaverim,
640 1695 773 1755 maxime
800 1696 918 1756 Lucilio
939 1703 1066 1758 auctore
1087 1698 1176 1760 usum
1198 1698 1368 1759 vocabulo-

177 1837 246 1878 rum
268 1819 403 1896 pistrino
423 1825 455 1878 et
479 1819 594 1896 pistris
621 1817 810 1902 iuvaluisse;
843 1816 971 1876 tre-arbe
992 1817 1152 1896 adposuit,
1183 1819 1266 1898 quod
1289 1819 1369 1880 haec

177 1941 368 2022 potissiinum
393 1955 535 1998 sermone
558 1936 680 1996 urbano
703 1937 861 2001 celebrata
887 1937 982 2000 luisse
1003 1939 1177 2001 videntur„
1201 1943 1265 2000 lam
1289 1957 1368 2020 quae

177 2077 271 2120 causa
290 2060 400 2132 fucrit,
423 2061 479 2121 our
499 2059 633 2144 Lucilius
653 2057 898 2138 possessorem.
911 2060 1107 2122 fortunarum
1132 2065 1367 2129 suarumsNea-

177 2183 262 2261 polin
283 2198 349 2242 osse
373 2181 521 2254 volucrit,
543 2198 618 2242 num
639 2181 710 2241 odia
730 2181 889 2242 hominum
910 2181 1041 2263 ingerit,
1071 2200 1111 2244 an
1134 2183 1195 2245 alia
1215 2183 1255 2244 dc
1275 2193 1368 2247 causa

178 2301 351 2376 secesserit,
375 2313 431 2384 nos
449 2295 574 2380 qnidam
593 2287 791 2383 ignoramus.¹
818 2303 882 2364 lloo
897 2322 993 2365 unum
1014 2305 1090 2367 satis
1108 2312 1176 2368 erat
1199 2308 1365 2382 monuIsse,

177 2425 405 2505 quodpublico
426 2424 536 2485 lunera
558 2426 657 2516 elatus
679 2416 799 2501 fucrit,
819 2423 965 2488 huonon
985 2427 1179 2507 paupertatis
1199 2447 1292 2491 causa
1313 2429 1369 2492 sed

176 2547 209 2607 in
229 2545 380 2608 honoram
403 2552 513 2625 poetae
536 2546 653 2608 lactum
673 2547 785 2608 videri.

168 2657 171 2662 ’
252 2668 313 2729 Sed
340 2666 563 2740 haecomnia,
594 2675 685 2744 quam
717 2683 828 2745 parum
857 2677 889 2730 et
914 2669 954 2729 ad
975 2665 1136 2748 ingenium
1156 2680 1188 2732 ct
1207 2673 1246 2734 ad
1266 2691 1368 2735 mores

178 2795 290 2866 poetae
305 2774 519 2847 'declarandos
535 2786 668 2860 iaciant,
688 2782 779 2848 facila
794 2794 841 2849 est
863 2789 1182 2870 adintelligendu'm3
1202 2806 1299 2871 quare
1319 2795 1367 2855 bis

181 2901 299 2970 omissis
320 2909 546 3001 examipemus,
573 2910 606 2968 in
627 2915 783 2987 'quantum
811 2910 879 2995 fieri
904 2913 1022 2990 potest,
1051 2930 1128 2991 quas
1155 2931 1222 2988 res,
1251 2931 1367 2992 quasve

179 3046 328 3109 personas
357 3037 450 3108 poeta
478 3032 510 3090 in
532 3028 722 3092 carminibus
752 3023 950 3105 tractaverit;
984 3042 1165 3113 quercet
1192 3037 1367 3115 proprietas

177 3151 514 3231 ingenii'Luciliaui-et
534 3151 669 3214 hominis
687 3155 959 3234 morestotinsque
972 3157 1055 3218 vitae
1074 3157 1153 3218 ratio
1174 3158 1366 3220 manifestius

176 3274 292 3353 aperiri
308 3292 401 3353 ‘possa
415 3275 560 3350 videtur,
572 3293 667 3356 qnam
687 3279 795 3356 paucis
815 3279 876 3340 illis
895 3279 1095 3360 fragmentis,
1118 3298 1198 3362 quae
1210 3283 1251 3344 ad
1271 3283 1365 3346 vitam

175 3397 241 3457 eius
258 3397 471 3461 illustrandam
491 3399 606 3477 passim
629 3399 774 3461 citantur.

454 3660 490 3756 ἕ.
516 3664 551 3733 2.
590 3628 652 3772 Dc
673 3667 845 3757 personis
867 3662 1089 3778 Bucilicuis.

252 3887 322 3964 Qua
346 3891 378 3948 in
405 3889 620 3968 disquisitione
639 3909 679 3953 nc
701 3893 801 3954 aliena
822 3895 1021 3968 misceantur,
1043 3877 1177 3974 primum
1197 3913 1234 3958 ea
1255 3899 1363 3959 scinn-

175 4005 280 4087 genda‘
293 4023 360 4068 esse
374 4026 502 4086 censeo,
524 4028 604 4090 quae
626 4031 643 4075 e
664 4015 819 4092 prioribus
836 4016 1027 4095 temporibus
1041 3988 1143 4096 tetigit
1156 4025 1268 4097 poeta3
1289 4022 1363 4082 item

177 4129 485 4193 omniarcmovenda
506 4140 598 4212 puto,
626 4135 759 4214 siquae
786 4144 906 4198 tanturn
934 4137 1035 4199 obiter
1059 4139 1188 4200 alicuius
1215 4141 1261 4203 rei
1288 4142 1361 4202 illu-

177 4249 324 4312 strandae
346 4267 438 4312 causa
460 4253 498 4312 ab
520 4255 572 4316 illo
593 4265 831 4319 commemorata
860 4266 942 4320 sunt.
983 4261 1150 4322 Praeterea
1173 4263 1205 4322 in
1225 4262 1363 4341 ipsorum

174 4371 282 4432 Lucilii
300 4373 476 4451 aequalium
496 4391 624 4440 numero
644 4398 705 4441 non
726 4381 819 4460 pauci
840 4387 928 4454 sunt,
951 4383 1005 4460 qui
1025 4383 1119 4445 solius
1141 4391 1253 4461 poetae
1275 4385 1362 4444 testi-
