3286 5126
267 477 377 520 surm
463 461 513 517 ne
532 456 775 518 structorum
793 455 990 516 merorum
1012 441 1268 515 incursuros.

268 607 371 687 poesis
400 605 537 670 studium
562 606 595 666 in
622 605 801 667 universnm
827 601 1047 683 reprehendit,
1078 603 1194 682 quippe
1222 603 1304 683 quod
1335 603 1459 666 fabulae

268 729 447 810 saepissime
467 746 617 810 perversa
641 727 824 790 histrionum
853 727 1108 806 pronuntiatione
1130 715 1306 788 electione
1326 743 1463 787 corrum-

269 859 395 931 pantur.
428 855 464 912 Et
483 851 624 931 inprimis
644 849 769 928 quidem
786 849 914 910 Pacuvii
939 849 1122 910 Duloresten
1141 849 1316 927 respexisse
1340 847 1465 909 videtur

270 975 331 1036 cfr.
353 973 477 1036 Naecke
498 974 566 1035 lud.
585 974 739 1034 Praelect.
762 974 858 1033 Boon.
876 971 963 1032 ldie.
978 955 1016 1050 p.
1031 973 1060 1031 l.
1083 987 1134 1050 ap.
1151 972 1218 1031 Van
1238 951 1362 1032 liausde
1376 969 1463 1032 Stud.

270 1096 345 1158 tirit.
368 1113 400 1176 p.
415 1095 484 1158 503.
507 1095 540 1156 iu
561 1097 659 1156 altero
685 1094 724 1155 fr.
744 1091 956 1172 significatur,
986 1107 1081 1186 quam
1102 1091 1322 1164 vimcarmina
1350 1093 1383 1153 in
1409 1093 1466 1153 bo-

220 1205 225 1214 ’
271 1217 388 1279 urinum
412 1217 531 1278 animos
554 1223 734 1278 exerceant.
775 1215 837 1277 Sed
862 1216 956 1278 etiam
977 1214 1016 1276 fr.
1032 1216 1096 1276 vlt.
1120 1213 1159 1276 ad
1186 1213 1275 1275 Ennii
1295 1193 1468 1294 reprelien-

273 1339 393 1400 stonsm
408 1339 569 1419 pertinere
583 1338 776 1418 putaverim,
797 1339 913 1418 quippe
926 1337 979 1417 qui
999 1337 1030 1398 in
1044 1338 1155 1399 Annal.
1170 1338 1224 1399 Xl.
1241 1334 1301 1398 boc
1315 1334 1468 1400 vocabulo
1508 1379 1511 1383 -

271 1467 356 1522 usus
376 1460 500 1522 fuerat:
531 1454 661 1540 paradcut
686 1461 951 1540 peniculamenta,
981 1477 1077 1522 uuilon
1109 1459 1150 1521 ad
1179 1477 1322 1540 quemque
1347 1459 1464 1540 pedem.

270 1583 330 1642 cfr.
359 1583 437 1644 Non.
466 1600 499 1662 p.
524 1582 581 1643 tot
600 1600 629 1644 a.
658 1583 771 1663 fragm.
790 1584 856 1644 Xll.
886 1582 949 1645 iam
968 1590 1098 1663 propter
1117 1589 1268 1654 metrum,
1297 1582 1466 1643 iambicum

271 1704 353 1764 enim
375 1705 570 1766 octonarium
589 1712 677 1786 puto,
700 1705 780 1767 libro
800 1707 909 1767 XXIX.
932 1703 1183 1768 adscribendum.
1207 1707 1369 1766 -Ceterum
1391 1723 1467 1784 poe-

271 1832 373 1887 tarum
395 1826 564 1902 insaniam,
586 1827 640 1907 qni
658 1827 817 1904 scribunt,
847 1835 1003 1908 quaeant
1024 1845 1116 1891 nemo
1135 1828 1290 1908 intelligat
1312 1835 1367 1889 aut
1385 1846 1466 1908 quae

272 1945 457 2010 histrionum
489 1950 695 2028 perversitate
720 1960 971 2032 corrumpantur,
993 1951 1118 2014 ridetur
1144 1948 1252 2012 codem
1280 1949 1372 2011 modo
1396 1947 1466 2010 illu-

166 2130 168 2134 .
271 2075 386 2132 strassc
413 2077 448 2131 ut
479 2071 624 2132 Horatius
644 2072 708 2134 Sat.
730 2073 755 2134 l.
776 2073 805 2133 ὅ.
829 2073 895 2134 loti.
918 2075 946 2134 si
965 2075 1089 2152 scalpra
1110 2081 1138 2134 at
1157 2073 1281 2152 ‘fumus
1300 2092 1362 2136 uon
1381 2081 1466 2135 sutor

271 2191 400 2272 (eruut.)
420 2191 478 2254 cfr.
499 2191 538 2255 fr.
560 2193 599 2254 X.
1390 2187 1392 2198 ’

351 2316 385 2374 ln
399 2314 454 2379 lib.
465 2316 530 2376 XX.
547 2314 698 2376 Lucilium
712 2315 796 2376 etde
811 2315 1029 2394 superstitione
1040 2316 1144 2395 plebis
1157 2321 1190 2378 et
1203 2317 1242 2378 de
1254 2318 1378 2380 luxuria
1392 2335 1466 2380 con·

274 2435 426 2497 viviorum
448 2437 547 2516 egisse
567 2438 618 2499 rel
642 2453 680 2498 er
708 2437 833 2517 paucis,
861 2435 943 2516 quac
965 2444 1149 2518 supersunt,
1177 2439 1361 2520 fragmentis
1379 2441 1468 2500 colli-

273 2573 349 2638 gere
370 2558 463 2618 lieet:
485 2559 522 2619 lit
542 2559 769 2639 superstitionis
783 2547 909 2638 quidem
926 2577 1031 2622 osores
1051 2561 1139 2640 multi
1160 2561 1326 2634 exstitere,
1350 2577 1389 2622 ex
1403 2578 1465 2639 qno
1534 2613 1539 2621 .

275 2681 393 2744 Ennius
416 2679 622 2744 Euhemerum
647 2679 755 2744 Latine
774 2686 929 2758 verterat,
958 2682 1045 2746 unde'
1065 2685 1225 2766 vulgatum
1246 2682 1322 2744 iilud
1343 2682 1468 2744 Catonis

270 2803 388 2866 dictum
414 2804 632 2884 explicandum
652 2812 715 2878 est,
744 2805 798 2884 qni
825 2807 933 2868 mirari
952 2823 985 2868 se
1004 2806 1124 2882 aiebat,
1154 2807 1237 2887 quod
1262 2820 1325 2867 non
1345 2805 1465 2868 rideret

273 2938 409 3006 aruspex
429 2927 603 3008 aruspicem
624 2943 695 2988 cum
715 2903 863 2989 uidisset.
876 2929 939 2990 cte.
960 2929 999 2991 de
1018 2930 1087 2991 Div.
1102 2931 1142 2990 ll.
1158 2931 1207 2990 ll.
1223 2921 1285 2990 tt.'
1304 2931 1337 2990 ln
1358 2929 1397 2990 fr.
1412 2931 1464 2990 lll.

273 3057 312 3109 et
326 3050 375 3109 tv.
397 3046 482 3112 haud
503 3048 598 3112 dubie
609 3043 759 3130 expressa
780 3051 879 3110 oratio
899 3057 946 3113 est
964 3049 1098 3112 hominis
1118 3051 1216 3132 gulosi
1234 3058 1327 3130 atque
1347 3052 1467 3113 helluo·

277 3171 336 3245 nis,
361 3172 414 3250 qui
431 3173 451 3232 'a
472 3168 669 3252 simplicitate
690 3179 722 3234 et
741 3173 920 3253 frugalitate
940 3175 1066 3253 antiqua
1081 3173 1253 3236 abhorruit.
1276 3175 1316 3236 fr.
1331 3171 1370 3236 V.
1386 3174 1467 3234 eius-

273 3293 343 3354 dem
364 3293 497 3356 hominis
516 3295 580 3356 iras
596 3293 777 3358 immodicas
790 3296 956 3370 describit,
977 3299 1030 3377 qui
1050 3297 1220 3377 nequitiam
1241 3297 1364 3379 legibus
1378 3314 1466 3358 coer-

272 3416 365 3478 citam
393 3435 461 3480 esse
486 3418 658 3498 aegerrime
677 3421 764 3481 tulit.
807 3421 905 3482 Etiam
934 3420 973 3483 fr.
995 3422 1047 3483 Vl.
1072 3421 1136 3483 Vll.
1158 3421 1210 3482 lX.
1242 3419 1283 3482 ad
1311 3419 1465 3481 luxuriam

273 3540 435 3618 epularum
454 3540 668 3603 illustrandam
691 3543 861 3622 pertinent.
943 3555 946 3564 ’
1392 3543 1394 3548 ’

352 3665 386 3724 ln
415 3663 495 3725 libro
515 3665 610 3728 XXll.
630 3664 877 3744 fragmentorum
896 3671 996 3727 metra
1016 3657 1149 3726 variant.
1176 3665 1216 3728 fr.
1239 3665 1278 3727 lt.
1306 3663 1468 3726 Distichon

145 3810 172 3826 -
274 3790 330 3846 est.
362 3784 401 3848 fr.
423 3787 446 3848 l.
477 3795 549 3848 sunt
575 3787 708 3848 trimetri
734 3788 880 3861 iambici;
904 3787 960 3850 sed
988 3787 1021 3849 in
1041 3787 1322 3867 reliquis—metrum
1343 3807 1466 3868 quoque

273 3907 460 3988 dactylicum
481 3917 539 3971 est.

327 4030 435 4091 -bibri
455 4032 562 4094 XXlV.
584 4034 669 4095 nulla
689 4031 862 4114 fragmenta
883 4041 1039 4108 exstant,
1056 4051 1158 4113 neque
1182 4031 1254 4096 libri
1277 4035 1370 4095 XXV.
1392 4049 1464 4094 nam

259 4170 354 4232 quae
394 4154 496 4216 adbuc
526 4155 593 4217 eius
621 4155 693 4216 libri
724 4163 887 4220 numerata
915 4147 1060 4231 fuerunt,
1099 4157 1286 4238 optimorum
1316 4155 1464 4217 Codicum

273 4277 459 4338 auctoritate
479 4273 596 4340 rectius
615 4278 655 4341 ad
676 4277 751 4340 alios
771 4275 867 4341 libros
886 4279 1077 4342 referuntur.

282 4435 285 4442 »
342 4402 397 4462 lte
417 4399 495 4461 libri¹
507 4401 616 4463 XXVl.
638 4397 825 4482 uagunredto
841 4401 903 4462 iam
923 4419 1017 4482 supra
1037 4402 1184 4484 exposui,
1206 4403 1247 4464 ita
1268 4408 1303 4463 ut
1322 4397 1465 4481 proruas

154 4730 421 5094 ,r
499 4714 968 5094 tm
