3242 5138
283 429 368 476 mlv
632 409 682 468 ml
700 407 882 466 rnnsonts
901 407 1123 466 stellionis.

285 562 458 623 concionem
479 558 581 618 souitu
603 565 630 619 et
649 557 750 616 curuis
771 561 879 633 copam
898 553 1050 614 coraibus.
1091 551 1193 614 Facile
1217 552 1343 631 quidem
1365 571 1398 614 se
1419 555 1475 616 ad·

290 681 362 744 duci
382 697 473 761 posse
493 676 661 758 significat,
683 684 718 738 ut
739 677 822 738 aliud
843 678 925 738 vitae
940 694 1038 756 genus
1052 676 1146 754 eligat
1157 696 1165 746 ;
1187 675 1269 736 vitae
1289 675 1372 736 enim
1395 691 1473 738 eon-

288 803 459 875 dicionem,
481 817 561 880 quae
582 817 665 861 nunc
685 799 745 872 sit,
767 817 829 860 non
848 799 891 858 ita
913 815 981 860 csse
1001 806 1225 876 comparatam,
1247 804 1283 858 ut
1302 813 1370 860 eam
1390 799 1474 860 omni

286 926 340 986 alii
369 923 621 1005 praeponendam
649 921 744 982 ducat
768 940 799 999 p.
815 921 863 980 66.
885 895 924 980 ir.
939 920 987 980 66.
1016 921 1096 980 Dein
1124 920 1298 998 quaeadm
1322 921 1403 982 male
1422 937 1474 984 me

254 1031 259 1042 ’
284 1049 443 1127 accipiunt
460 1048 591 1108 decimae
612 1053 639 1106 et
657 1045 844 1123 prooemium
861 1044 951 1105 maie.
988 1043 1048 1104 Sed
1069 1058 1228 1120 nimquam
1244 1040 1304 1102 hoc
1324 1059 1342 1104 a
1363 1060 1396 1104 se
1414 1043 1475 1104 im-

284 1176 409 1250 petrare
423 1183 523 1247 posse,
546 1173 580 1226 ut
594 1166 669 1226 alios
688 1181 789 1226 mores
812 1171 923 1248 sumet.
946 1183 977 1244 p.
993 1165 1048 1242 66.
1059 1164 1098 1224 lr.
1114 1164 1164 1224 66.
1185 1163 1264 1225 Mili
1276 1164 1397 1242 quidem
1410 1180 1472 1228 666

238 1253 246 1274 ⁸
282 1289 501 1367 persuadetur,
519 1288 640 1366 publice
661 1296 697 1348 ul
718 1295 829 1348 ruutem
848 1303 938 1348 meos.
968 1304 1000 1364 p.
1015 1287 1064 1347 ts.
1087 1284 1171 1364 666.
1193 1284 1386 1347 Publicanos
1402 1303 1473 1362 aero

285 1419 319 1472 ul
342 1412 433 1472 Asiae
452 1409 526 1488 fiam
546 1412 768 1489 scripturarius
789 1403 848 1488 pro
867 1409 1004 1480 Lucilio,
1034 1409 1068 1468 id
1095 1424 1146 1486 epo
1168 1408 1260 1484 uoto,
1284 1415 1312 1468 et
1336 1424 1397 1468 666
1417 1407 1472 1468 ltoe

284 1549 344 1590 uon
364 1539 446 1592 muto
467 1533 595 1593 omnia.»
620 1531 680 1592 Sed
701 1531 851 1609 plurImus
875 1531 973 1591 estin
993 1531 1167 1594 litteramm
1184 1529 1293 1618 studiis
1312 1530 1472 1611 exagitan-

284 1651 348 1725 dis,
377 1653 431 1712 ubi
457 1651 590 1714 maxime
616 1653 751 1731 tragicos
763 1659 804 1713 vet
824 1653 929 1730 epicos
949 1659 1056 1730 poetas
1076 1651 1315 1731 reprehendisse
1335 1651 1470 1742 videtur.

283 1792 316 1854 p.
331 1773 380 1836 66,
397 1774 435 1834 ir.
453 1773 500 1835 67.
523 1775 592 1840 Nisi
610 1783 751 1854 portenta
765 1776 933 1854 capsisque
946 1775 1080 1839 astiteris
1094 1794 1130 1836 66
1141 1776 1292 1852 pinnatos
1312 1774 1469 1838 soridiitis.
1563 1847 1566 1852 Ι

284 1913 315 1974 p.
331 1896 379 1956 66.
395 1897 435 1958 fr.
450 1895 498 1958 oo.
520 1897 580 1958 Nec
599 1899 824 1975 Apumeutuouc
841 1893 1039 1976 praeferatur
1051 1897 1150 1976 4666,
1172 1897 1251 1976 quod
1265 1897 1471 1970 Cassandram

283 2019 370 2096 sipno
390 2017 534 2094 deripuit.
566 2031 598 2094 p.
615 2016 665 2076 65.
689 2017 727 2076 ir.
744 2015 792 2076 68.
811 2017 874 2094 Epo
895 2020 976 2106 euim
997 2019 1222 2102 contemuilious
1241 2019 1311 2097 fieri
1330 2017 1470 2096 666666·-

284 2139 350 2198 dire
373 2139 620 2218 Apamcmuouis.
653 2156 684 2216 p.
700 2137 749 2198 dt.
765 2109 805 2198 66.
822 2138 869 2199 76.
897 2139 989 2200 Solus
1019 2141 1082 2200 iam
1108 2143 1170 2200 666
1190 2142 1225 2201 66
1245 2141 1339 2202 alasse
1359 2140 1469 2217 prolui·

284 2260 351 2322 durii.
369 2261 564 2320 Vulcaniam.
601 2278 633 2338 p..
649 2260 698 2320 66.
721 2259 765 2318 fr.
776 2259 824 2320 66.
846 2259 886 2319 ad
912 2260 1026 2322 librum
1046 2261 1218 2335 secundum
1243 2261 1354 2323 iliados
1373 2265 1471 2342 perti-

284 2399 360 2442 nere
389 2381 529 2464 videtur,
565 2381 620 2442 ubi
654 2383 764 2444 Graeci
793 2383 833 2444 ab
864 2386 1093 2464 Agamemnone
1122 2383 1225 2444 redire
1252 2382 1345 2455 inssi,
1379 2384 1471 2445 nimis

282 2501 468 2564 festinanter
497 2501 662 2565 dissessum
693 2514 894 2584 paraverunt.
929 2507 1141 2570 Damnationis
1170 2505 1275 2582 cupidi
1306 2505 1469 2581 imperium

282 2627 362 2704 repis
373 2643 470 2704 paene
483 2626 662 2688 ntiurtimus.
684 2627 776 2688 etiam
791 2647 821 2708 p.
838 2628 886 2690 66.
902 2629 940 2689 ir.
955 2628 1003 2688 no.
1023 2644 1098 2706 pars
1113 2625 1257 2712 difflatur
1270 2633 1372 2700 uento,
1392 2643 1471 2712 pars

283 2754 382 2808 autem
403 2747 561 2828 olripeseit
580 2749 697 2829 friporc
719 2750 757 2810 nd
779 2751 894 2812 bellum
914 2751 1081 2814 Troianum
1095 2751 1146 2812 vel
1165 2751 1267 2830 potius
1280 2749 1319 2810 ad
1333 2747 1469 2811 reditum

282 2869 471 2932 Graecorum
486 2870 645 2947 pertinere
659 2871 793 2941 videtur,
811 2887 890 2946 quae
905 2874 1006 2930 omnia
1021 2891 1058 2932 eo
1073 2874 1202 2934 oonsilio
1214 2871 1469 2935 commemorasse

281 2987 438 3068 putandus
453 2995 516 3062 est,
539 2996 572 3048 nt
591 2989 664 3049 talia
679 3004 696 3047 a
711 3007 744 3050 se
762 2989 857 3050 scribi
874 3007 936 3049 non
957 3006 1047 3067 posse
1061 2994 1262 3064 demonstret,
1283 2993 1333 3052 vel
1347 2992 1387 3050 ab
1400 2995 1468 3055 aliis

281 3109 399 3187 scripta
411 3108 631 3188 reprehendat.
647 3110 788 3187 Denique
802 3127 890 3170 suum
904 3110 1000 3188 ipsius
1014 3111 1115 3190 poesis
1125 3110 1260 3170 studium
1271 3109 1421 3185 defendit,
1437 3121 1470 3174 et

282 3246 342 3308 quo
357 3229 484 3304 consilio
498 3228 559 3290 hoc
573 3231 774 3310 capessiverit
794 3231 930 3311 exponit.
953 3250 984 3311 p.
1000 3232 1047 3293 66.
1064 3232 1103 3294 66.
1120 3232 1168 3294 dl.
1190 3234 1253 3314 Epo
1267 3234 1320 3294 ubi
1331 3253 1418 3314 quem
1429 3255 1467 3298 66

279 3350 468 3430 praecordiis
481 3368 601 3419 uersum
615 3353 715 3432 effero.
738 3372 768 3433 p.
784 3353 832 3414 66.
849 3352 889 3416 ir.
904 3354 952 3415 66.
979 3355 1088 3434 quidni
1106 3362 1133 3416 et
1154 3361 1186 3416 tu
1200 3357 1278 3417 idem
1297 3356 1466 3418 mlitiosam

280 3489 326 3534 mc
342 3480 430 3557 atque
443 3473 570 3545 idiotam
585 3475 708 3538 diceres.
729 3476 784 3538 Sui
798 3476 886 3538 enim·
897 3476 1015 3558 ingenii
1034 3474 1117 3554 hanc
1138 3485 1371 3553 assecutorem,
1393 3485 1431 3541 ut·
1440 3481 1466 3541 si

281 3611 362 3672 quae
374 3595 475 3657 minus
489 3604 574 3658 recte
588 3597 670 3659 dicta
685 3598 857 3673 invenerit,
881 3617 917 3663 ea
937 3599 996 3662 sibi
1009 3597 1146 3664 notanda
1160 3617 1226 3662 esse
1239 3600 1344 3663 ducat.
1367 3619 1398 3680 p.
1413 3602 1463 3662 66.

279 3712 319 3772 ir.
336 3714 383 3774 tt.
406 3715 433 3774 si
452 3716 532 3792 quod
551 3718 731 3778 inusitatum
757 3727 811 3780 aut
836 3723 1025 3784 66666666
1045 3721 1242 3802 offenderam.
1282 3722 1370 3800 Quas
1394 3741 1465 3786 cnm

280 3834 322 3894 ita
344 3834 422 3908 sint,
445 3851 478 3896 se
500 3835 539 3896 ab
561 3835 659 3898 amico
680 3834 739 3900 hoc
760 3845 886 3918 petere,
908 3847 942 3904 ut
955 3841 1014 3904 sibl
1028 3839 1195 3917 concedat,
1217 3849 1261 3917 ut,
1280 3844 1363 3923 qnod
1382 3845 1465 3906 vitae

279 3953 415 4017 studium
434 3955 592 4044 ingressus
612 3957 666 4034 sit,
686 3955 719 4020 id
738 3959 880 4024 retinent.
912 3979 943 4044 p.
960 3961 1008 4026 66.
1034 3963 1074 4026 ir.
1090 3965 1138 4028 67.
1168 3965 1232 4045 Epo
1257 3966 1285 4028 si
1304 3968 1358 4045 qui
1384 3983 1464 4038 sum,

277 4083 305 4140 et
331 4094 388 4156 prro
414 4076 554 4156 folliculo
574 4095 655 4142 6666
675 4097 742 4144 666
762 4081 904 4158 indictus,
931 4099 993 4148 666
1013 4103 1096 4166 puto.
1136 4087 1183 4150 66
1205 4103 1284 4168 qnae
1307 4087 1462 4152 Soranus:

276 4197 321 4258 Di
339 4199 512 4278 66666666
531 4200 657 4276 meliora
678 4209 766 4286 utque
786 4204 948 4267 ementium
973 4209 1220 4272 auerruuoottint
1241 4217 1335 4272 tuom.
1375 4209 1464 4286 Quae

277 4317 403 4400 quidem
423 4319 524 4385 omnia
547 4321 579 4384 in
601 4323 695 4388 meris
716 4323 902 4390 coniecturls
922 4327 1038 4392 vertant
1058 4345 1107 4394 me
1128 4347 1190 4396 non
1209 4331 1381 4410 praetentu
1401 4331 1463 4392 imo
