3274 5134
556 409 610 468 EX
634 409 758 470 tionis
781 409 966 469 lucontio.
1326 417 1359 470 81

180 561 209 618 6.
237 591 272 603 -
287 591 321 603 -
347 558 507 620 Corneliu'
530 555 654 619 Pobliu’
675 563 784 620 noster

235 673 403 755 Scipiadas
428 672 547 746 dietus,
577 678 701 755 tempus
723 693 821 756 quum
846 681 992 756 torqueat
1013 677 1115 757 ipsum

235 789 286 852 oti
312 787 454 862 deliciis,
478 806 549 850 cum
570 769 711 871 lucifuga
732 794 829 871 atque
850 789 997 864 cinaedo,
1076 806 1077 812 ¹

237 904 278 965 Et
301 908 459 967 sectatore
480 901 563 965 adeo
584 902 654 983 ipse
678 921 753 976 suo,
779 904 975 986 quo-rectiu’
998 903 1120 978 dicas,¹

236 1016 306 1079 lbat
326 1017 408 1078 forte
429 1017 576 1091 domum,
598 1017 762 1100 sequimur
786 1019 876 1080 multi
898 1025 994 1101 atque
1015 1018 1211 1102 frequentes.

180 1137 210 1195 7.
236 1133 309 1208 Quo
329 1133 465 1195 facetior
484 1133 687 1208 videareset
710 1132 792 1195 seire
812 1133 903 1214 pius,
925 1153 1021 1216 quam
1046 1135 1160 1208 ceteri,
1196 1151 1198 1158 ‘

237 1249 392 1314 Pertisum
415 1248 595 1321 hominem,
621 1265 685 1310 non
706 1252 867 1327 pertesum
890 1247 997 1310 dicere
1017 1249 1176 1312 fortunam
1195 1269 1306 1333 genus.

178 1365 208 1425 8.
235 1363 342 1438 Quid?
366 1362 501 1435 Decius,
527 1363 700 1436 Nuculam,
726 1382 766 1424 an
793 1363 954 1425 confixum
975 1363 1022 1425 vis
1046 1363 1174 1425 iaceret
1197 1365 1311 1447 inquit.

160 1573 229 1579 ..η--
243 1573 350 1580 -,-,----·.-

158 1707 177 1754 1.
198 1705 241 1754 tt.
264 1705 322 1755 118.
347 1708 430 1768 Neque
452 1719 483 1755 ex
508 1707 670 1766 Quinctiliano
697 1709 739 1754 lx.
775 1706 827 1766 est,
854 1707 943 1754 rectius
964 1705 1033 1754 initio
1056 1705 1179 1767 sequentis
1202 1717 1286 1754 versus
1310 1707 1356 1755 1166

159 1793 384 1854 6661666166,
411 1794 437 1842 in
459 1793 508 1844 fine
534 1794 707 1845 vocabulorum
730 1807 743 1842 e
774 1793 958 1854 suppleverimr
982 1791 1117 1854 frequenter
1137 1819 1165 1830 —
1185 1797 1288 1842 scurrae
1308 1806 1356 1854 pro

160 1880 267 1930 litteram
279 1893 376 1943 semper
394 1894 408 1929 a
425 1883 516 1931 Lucilio
534 1882 609 1931 inisse
620 1883 741 1931 6111166661.
774 1881 1000 1943 graecorombulo,
1013 1880 1129 1943 quedelii
1141 1883 1359 1933 correxeruntetc.
1399 1942 1402 1946 ¹

197 1969 387 2020 6161111611.
411 1969 462 2020 oid.
488 1983 514 2031 p.
534 1967 593 2021 2911.
619 1969 687 2018 locui
708 1971 743 2021 ita
775 1975 1018 2041 σκυροπαικτεϊν,
1045 1968 1157 2031 equidem
1178 1969 1355 2020 emendaverim

162 2057 284 2118 scriptus:
312 2091 331 2118 ,‚
341 2057 466 2106 cornelius
483 2060 510 2108 Ρ,
522 2058 606 2106 noster
623 2058 744 2122 scipiadas
776 2055 947 2130 σκιρτάζειν.

162 2146 226 2196 dieto
251 2148 395 2209 tempusque
418 2146 542 2208 intorquet
565 2147 591 2194 in
611 2147 692 2208 ipsum
709 2147 744 2196 oti
810 2147 833 2198 1.
852 2147 916 2196 rost.
930 2159 957 2207 p.
971 2145 1031 2194 2⁷3.
1045 2143 1089 2197 lid.
1103 2146 1154 2196 011.
1173 2147 1355 2210 ..Redcrpatsse

161 2235 187 2284 et
202 2234 304 2297 delicis,
327 2233 376 2283 luci
393 2228 579 2296 elficme'atque
596 2235 696 2284 cinaedo
718 2237 743 2285 et
774 2246 819 2294 per
846 2245 858 2283 e
881 2233 990 2282 litteram
1014 2234 1095 2295 Scipio
1120 2234 1259 2297 atticenus,
1286 2236 1356 2284 Pauli

160 2323 281 2372 sectatore
299 2322 359 2372 adeo
377 2323 424 2384 ipsi
443 2335 503 2386 suo,
526 2335 574 2385 quo
592 2323 683 2373 rectius
700 2324 741 2372 di·
774 2321 853 2384 filins,
874 2321 962 2370 dieitur
983 2322 1135 2385 enuntiasse,
1155 2323 1184 2371 ut
1198 2323 1264 2372 idem
1282 2325 1355 2374 etiam

161 2423 215 2473 eas,
242 2411 293 2460 ilat
312 2411 375 2460 iorte
399 2411 499 2460 domum
524 2412 648 2474 sequimur
672 2415 743 2462 multi
772 2410 908 2471 pertisum
932 2411 1001 2459 cuius
1021 2410 1131 2460 meminit
1154 2411 1275 2462 Lucilius.
1301 2427 1355 2462 cum

162 2500 234 2562 atque
246 2499 412 2562 trequentes.”
426 2513 481 2549 eum
489 2499 585 2550 'secutos
594 2501 674 2550 videri
684 2501 744 2550 velit
775 2498 809 2546 ait
826 2497 890 2550 616.”
918 2510 964 2559 pro
992 2498 1076 2558 seruat
1103 2512 1162 2547 nam
1179 2500 1266 2562 scalig.
1293 2503 1355 2551 irene

160 2587 191 2635 ob
213 2599 298 2635 eorum
319 2588 411 2649 iurgia,
439 2601 488 2637 non
511 2590 542 2636 ab
561 2587 688 2636 adsuetmn
706 2587 743 2636 oi·
775 2585 929 2644 emendavit,
949 2584 1090 2644 sericeam,
1117 2599 1201 2644 penas.
1226 2590 1283 2637 sunt
1301 2591 1355 2638 tro·-

161 2673 253 2734 6616111,
267 2675 292 2721 in
300 2675 339 2723 liis
346 2675 442 2735 priores
451 2675 556 2723 editores
566 2673 741 2723 emendarunt:
776 2670 858 2732 chesi,
879 2671 904 2718 et
922 2672 1023 2720 tortasse
1041 2685 1072 2718 ex
1082 2672 1176 2720 ultimis
1192 2675 1261 2724 libris
1271 2679 1355 2736 petita.

161 2761 298 2822 Scipiadam
321 2762 373 2811 dico
386 2785 421 2798 -
437 2765 529 2822 tempos
552 2773 622 2822 prom
649 2765 744 2823 iorqoess
810 2758 836 2809 82
855 2759 904 2808 cic.
927 2759 958 2806 de
981 2759 1022 2810 01.
1041 2761 1072 2810 11.
1097 2759 1140 2808 61.
1164 2761 1222 2812 265.
1247 2766 1355 2813 ceterum

161 2853 189 2898 at
204 2849 285 2910 ipsam
298 2849 381 2897 —cii
402 2849 445 2900 det.
463 2849 499 2910 (ei
516 2849 742 2914 6111,)-11111111911
775 2857 837 2908 quae
854 2847 891 2895 vis
914 2847 946 2896 sit
970 2847 1043 2895 huius
1066 2847 1175 2909 dictord,
1201 2848 1267 2898 hand
1288 2850 1357 2902 facile

161 2941 326 2990 sectatore-
342 2937 401 2998 ipse.
431 2941 486 2998 lpse
511 2938 591 2986 totum
613 2939 693 2987 locum
714 2940 744 2987 111
775 2935 941 2996 explicaveris.
959 2937 1019 2985 ilem
1037 2949 1133 2997 neque,
1153 2937 1195 2998 qui
1211 2937 1253 2986 iile
1269 2925 1357 2992 Decius

161 3037 235 3086 supra
252 3025 407 3075 scribendum
423 3039 476 3075 esse
494 3025 585 3076 iudico.
622 3027 670 3076 Sed
688 3029 743 3076 Sca·
774 3023 850 3072 fuerit
874 3024 929 3088 (01.
950 3021 1038 3075 onom.
1058 3026 1086 3085 Q.
1104 3027 1162 3076 Dec.
1184 3025 1216 3074 tr.
1242 3028 1276 3089 pl.
1300 3035 1357 3082 anni
1418 3044 1420 3050 ·

161 3115 222 3176 liger
239 3115 393 3166 emendavit:
413 3113 484 3166 liciti
500 3118 522 3164 et
539 3113 626 3164 delitiis
642 3119 666 3164 ei
678 3115 742 3164 loci·
777 3112 827 3162 oet
845 3114 888 3162 aut
904 3116 931 3165 Ρ.
943 3115 1000 3162 Dec.
1010 3113 1088 3174 praet.
1106 3127 1127 3164 a.
1141 3113 1201 3163 659.
1221 3113 1354 3185 intelligit),

159 3202 320 3268 {opueotque
339 3205 546 3256 claredunum:
567 3203 743 3266 morotius,
776 3213 855 3262 neque
875 3215 947 3264 quam
972 3202 1002 3250 611
1024 3205 1079 3250 rem
1095 3203 1142 3250 hoe
1160 3216 1191 3252 ex
1214 3203 1257 3252 illo
1278 3220 1355 3268 quae-

161 3293 219 3340 tuci
237 3293 330 3358 emptae
351 3294 393 3342 et:
419 3297 522 3342 Soanos
543 3293 601 3340 odeo
623 3293 744 3354 ipsiusque
776 3289 861 3338 siverit
885 3291 980 3353 Scipio,
1008 3292 1067 3340 satio
1091 3292 1193 3343 constat.
1219 3295 1269 3342 Etsi
1292 3297 1356 3344 enim

160 3380 240 3428 1116.”’
250 3382 279 3431 rt
290 3394 388 3432 saumae
399 3381 498 3444 quidem
510 3393 600 3431 nomen
611 3380 653 3430 rix
665 3381 745 3430 omitti
777 3377 880 3426 coculae
916 3377 1085 3428 Praenestinos
1114 3380 1247 3440 appellatos
1282 3381 1357 3432 1111666

160 3470 364 3532 mereretur,
394 3483 450 3519 curn
473 3471 532 3520 llaec
557 3468 621 3531 apud
645 3469 744 3518 Festum
777 3465 923 3517 concesseris
946 3465 991 3514 eir.
1011 3467 1077 3514 Fest.
1098 3478 1120 3514 s.
1139 3477 1164 3514 v.
1187 3467 1212 3514 61
1236 3469 1357 3517 iteratam

160 3554 291 3615 tegmini:
323 3570 447 3619 „saumae
473 3557 617 3608 rotabulum
645 3557 745 3607 Verrius
778 3553 1358 3620 666661666161111166116111611661611661666-

161 3643 311 3704 iueptissime
335 3647 378 3694 aut
401 3659 433 3696 ex
458 3649 548 3696 Graeco
563 3646 674 3694 trauan
699 3645 742 3708 aii,
777 3642 881 3704 icteris,
901 3642 982 3691 tamen
1001 3641 1230 3703 contremiscere,
1248 3646 1307 3707 quid
1324 3647 1357 3696 sit

162 3735 205 3782 ant
230 3745 244 3782 a
266 3734 407 3798 sequendo,
431 3735 470 3783 cui
495 3735 571 3798 magis
598 3734 744 3784 adsentitur.
777 3732 853 3792 magis
875 3733 949 3780 etiarn
972 3731 1092 3779 incertum
1116 3731 1162 3779 est.
1187 3731 1232 3778 cir.
1251 3735 1356 3786 Ellendt.

161 3819 229 3884 qood
255 3822 281 3869 et
307 3821 426 3871 tenuioris
450 3821 562 3872 fortunae
585 3822 697 3872 immines
720 3823 746 3872 et
778 3820 818 3868 ad.
838 3821 863 3868 11.
883 3820 1015 3869 illiserit
1034 3819 1136 3880 aliquis,
1155 3821 1357 3885 ltnenlamipso-

162 3908 237 3958 ceteri
261 3909 352 3971 alioqui
373 3909 414 3971 qni
436 3911 536 3960 honoris
556 3912 634 3972 petia
658 3923 744 3972 perse-
778 3921 834 3956 rnm
856 3909 986 3958 Deciorum
1004 3907 1079 3956 inisse
1101 3919 1233 3968 cognomen
1257 3911 1284 3960 et
1311 3913 1358 3960 cibi

161 3999 296 4060 querentur
314 3997 466 4060 quempiam,
485 4011 535 4048 non
547 3999 691 4058 antecedere
702 4000 746 4049 sed
779 4011 854 4060 genus
872 3997 973 4045 nucibus
991 3997 1096 4044 mixtum
1111 3996 1275 4060 significarem
1297 4013 1357 4048 coa-

161 4087 230 4148 sequi
246 4085 385 4136 sint'solitl.
407 4086 464 4146 quia
481 4086 593 4136 videlieet
614 4085 680 4137 dieat
698 4091 747 4137 imss
778 4087 948 4146 trementem
960 4085 1025 4134 idem
1043 4085 1094 4134 1616
1106 4098 1158 4135 esse
1170 4087 1236 4147 quod
1253 4087 1358 4147 feretum

161 4174 246 4224 cilins'’
267 4175 314 4224 etc.
329 4185 467 4236 quanquam
479 4175 559 4236 ipsein
570 4188 659 4224 nomen
676 4177 745 4238 posi·
777 4176 829 4225 sire
846 4173 941 4235 (oriam
956 4172 1000 4225 cir.
1017 4174 1097 4224 Plani.
1114 4175 1165 4224 1111.
1179 4175 1245 4224 6161,
1263 4173 1360 4238 plodite

163 4265 216 4310 16111
242 4275 294 4312 esse
320 4275 419 4312 necesse
446 4275 497 4312 non
524 4263 587 4325 init,
617 4265 682 4324 qued
707 4277 747 4314 res
779 4264 873 4326 (ortam
898 4263 975 4324 faeere
997 4263 1068 4322 661111
1092 4277 1123 4310 16
1145 4261 1273 4312 116111116”
1303 4263 1360 4312 11166

162 4350 220 4400 setis
240 4351 371 4411 significata
392 4351 484 4412 inerit3
511 4353 536 4400 et
560 4351 580 4400 si
605 4352 744 4413 ponendum
779 4354 865 4402 1111111111
881 4351 946 4400 uerte
963 4350 1068 4410 ambigui
1086 4349 1143 4400 dicti
1161 4351 1308 4400 exoriretur.

203 4460 279 4501 lucilii
295 4461 367 4510 irum.
1130 4435 1148 4492 6
