3286 5126
294 463 352 506 cxrr
617 441 719 512 Quiri
738 437 966 502 eutitianae
985 439 1159 502 SATURAE

290 591 436 673 idyllioee
457 595 494 654 ut
518 596 695 656 ceterarum
723 606 829 652 rerum
855 585 999 650 omnium
1015 589 1111 652 initia·
1132 594 1164 650 et
1188 593 1299 652 ductus
1320 594 1353 651 et
1370 587 1482 653 decre-

293 722 409 778 menta.
450 713 488 775 lit
517 713 606 775 initio
629 711 755 791 quidem
782 707 943 792 utriusque
967 712 1012 774 ita
1039 717 1113 774 sunt
1144 717 1342 792 comparatu,
1370 717 1407 771 ut
1430 709 1483 774 rel

292 835 429 899 medium
449 835 604 915 quoddam
628 834 801 897 carminum
826 851 925 914 genus
943 839 1104 907 nascatur,
1133 831 1233 912 quod,
1263 850 1359 911 quum
1388 839 1482 912 poeta

292 959 336 1020 nil
350 959 434 1020 aliud
454 965 673 1038 praeterquam
687 973 738 1018 res
757 955 846 1036 ipsas·
861 955 1018 1035 vitamque
1038 954 1230 1028 mortalium,
1252 971 1376 1034 quoquo
1388 953 1482 1016 mode

292 1081 515 1146 selmheniem
538 1084 771 1160 repraesentet,
797 1075 857 1140 nec
875 1077 1036 1158 idyllicum
1055 1081 1141 1138 recte
1162 1074 1278 1138 dixeris
1297 1092 1356 1138 neo
1375 1076 1482 1140 satiri-

292 1222 384 1279 cum3
405 1205 459 1268 'vel
481 1203 605 1268 satirica
620 1202 779 1283 'quaedem
799 1207 853 1264 aut
872 1200 998 1280 idyllim
1019 1198 1088 1262 aliis
1109 1197 1212 1278 poesis
1238 1195 1407 1280 generibus
1429 1197 1481 1263 iu-

292 1307 499 1390 texuntur.”‘
622 1341 624 1345 ’
1040 1379 1042 1388 ,
1224 1378 1230 1388 .

306 1455 308 1462 “
370 1449 494 1528 Quibus
505 1448 653 1528 expositis
666 1455 707 1509 ex·
717 1445 886 1510 Theocrito
900 1444 1041 1524 exempla
1053 1442 1263 1523 laudatldyll.
1279 1440 1329 1504 lV.
1347 1443 1383 1504 il.
1398 1443 1480 1506 xiii.

293 1588 332 1632 ex
353 1570 470 1632 Lucilio
494 1569 548 1630 lib.
571 1570 624 1629 lli.
645 1569 684 1629 V.
706 1568 758 1629 ix.
779 1568 861 1628 xvi.
887 1564 1056 1646 additque:
1082 1567 1146 1627 Nec
1170 1573 1260 1628 secus
1276 1566 1428 1628 ileratius
1447 1566 1481 1628 iu

292 1689 486 1755 sermonibus
505 1687 602 1756 hebet
626 1689 764 1752 carmine
786 1688 952 1763 nonnulla,
977 1704 1057 1767 quae
1083 1703 1140 1749 cur
1160 1687 1268 1753 Satiris
1295 1687 1482 1752 adnumere-

291 1831 375 1888 mus,
406 1831 465 1893 ego
493 1831 543 1874 me
567 1813 713 1892 ignorare
734 1809 920 1874 confiteor.‘’
964 1783 1115 1874 Nimirum
1135 1782 1290 1890 persuasit
1306 1810 1368 1873 sibi
1386 1809 1481 1874 homo

291 1937 345 1998 ille
352 1935 564 2008 doctissimus,
580 1933 753 2006 Sadricam,
766 1939 850 2012 ‘quae
865 1930 993 2007 dicitur,
1011 1933 1120 2014 poesin
1137 1934 1247 2013 utique
1261 1932 1301 1996 ad
1320 1931 1480 1996 irridenda

291 2053 454 2118 hominum
473 2055 548 2119 vitia
569 2063 601 2116 et
618 2055 657 2117 ad
678 2055 932 2136 perstringendos
953 2059 1175 2136 perversorum
1200 2055 1361 2124 hominum
1380 2075 1483 2122 mores

292 2181 468 2258 pertinere:
502 2180 580 2240 Tum
599 2195 663 2239 non
682 2177 836 2240 intellexit
855 2195 888 2238 se
908 2173 1078 2258 pugnantia
1098 2179 1201 2258 loqui,
1223 2178 1306 2259 qnod
1326 2197 1398 2242 cum
1416 2185 1484 2243 me·

295 2301 381 2364 dium
399 2301 476 2363 illud
500 2301 602 2381 poesis
623 2317 723 2380 genus
745 2298 785 2360 ab
802 2299 908 2380 ,initiis
934 2306 1109 2379 repeteret,
1137 2307 1241 2362 tamen
1270 2301 1338 2381 ipsa
1364 2301 1484 2364 lioratii

290 2425 427 2486 earmina
458 2421 507 2485 his
533 2423 759 2485 adnumeravit.
800 2421 926 2484 Scilicet
949 2438 1024 2484 vcra
1052 2423 1181 2485 Saturae
1208 2421 1365 2486 Romanae
1396 2425 1483 2486 notio

212 2573 216 2580 ’
291 2561 354 2608 nou
383 2563 402 2607 a
434 2546 644 2608 recentiorum
670 2542 926 2626 philosophorum
953 2533 1111 2608 cathedris
1137 2545 1192 2607 sed
1218 2547 1258 2606 cx
1283 2543 1484 2624 diligentiore

288 2667 464 2730 litterarum
484 2667 662 2730 Latinarum
679 2667 786 2728 studio
806 2667 978 2747 repetenda
1004 2674 1062 2730 eet.
1102 2669 1210 2747 Neque
1234 2675 1296 2728 tam
1323 2666 1363 2729 ad
1385 2667 1482 2730 vitio·

289 2805 361 2852 cum
382 2789 556 2855 irrisionem
576 2795 607 2851 et
627 2787 666 2850 ad
680 2801 828 2852 severam
851 2804 971 2850 merum
1000 2803 1164 2852 censuram
1189 2796 1332 2862 veterum
1357 2790 1482 2852 illorum

290 2913 468 2975 munorum
488 2911 583 2972 animi
603 2917 694 2974 erant
704 2911 840 2986 intenti,
861 2927 954 2990 quam
977 2911 1043 2973 risu
1064 2911 1197 2991 iocoque
1217 2914 1317 2976 soluto
1336 2912 1481 2976 deiecta-

289 3033 415 3109 bantur,
446 3040 478 3096 et
502 3032 839 3096 inconditisrersibus
865 3034 1014 3096 iocularia
1041 3033 1234 3108 fundebant;
1252 3051 1342 3116 ¹quos
1371 3042 1480 3116 postea

159 3151 161 3156 ’
289 3157 401 3220 imitati
419 3163 532 3237 poetae
552 3155 690 3229 facetiis,
723 3155 847 3218 dicendi
873 3157 997 3236 lepore,
1026 3157 1210 3233 dicacitate,
1241 3163 1334 3240 atque
1362 3159 1482 3222 festivi·

160 3303 162 3308 ·
289 3285 353 3341 ute
380 3277 528 3340 orationis
559 3278 692 3358 gratiam
720 3278 890 3358 legentium
917 3279 1095 3359 captabant:
1135 3282 1247 3360 Aque
1277 3279 1377 3344 studio
1407 3297 1479 3344 cum

289 3399 418 3463 libertas
437 3401 500 3462 eris
520 3400 629 3464 abesse
649 3417 711 3464 non
732 3401 844 3481 possit,
866 3402 982 3482 quippe
1003 3413 1083 3482 quae
1103 3404 1135 3464 in
1154 3403 1229 3483 ipsis
1248 3403 1383 3466 'civitatis
1400 3403 1482 3468 iibe-

289 3541 345 3586 ree
357 3522 495 3586 memhus
514 3523 615 3604 posite
630 3529 738 3598 esset,
751 3524 882 3586 accessit
901 3523 1000 3588 libera
1012 3524 1066 3586 ille
1085 3525 1300 3604 perversitatis
1318 3525 1481 3588 hominum

292 3647 456 3728 castigitio,
479 3665 518 3708 ex
536 3652 598 3726 qua
618 3665 681 3709 nen
700 3653 766 3709 tem
785 3647 926 3714 utilitatis
949 3647 1070 3710 fructus
1087 3665 1182 3728 quum
1205 3647 1425 3716 humanissima
1448 3655 1481 3716 ot

288 3765 502 3830 liberalissimo
521 3767 689 3830 delectatio
710 3775 883 3848 peteretur.

364 3887 410 3952 Ne
437 3889 506 3970 quis
529 3891 626 3972 igitur
655 3892 835 3954 Lucilianae
858 3891 1007 3956 orationis
1034 3891 1235 3959 testivitatem
1264 3891 1305 3954 ad
1333 3891 1482 3955 didactici

290 4012 438 4074 carminis
455 4030 595 4074 normam
616 4014 730 4093 exigat.
771 4016 882 4077 Satura
904 4017 1003 4092 enim,
1027 4023 1177 4096 utsupra
1196 4021 1400 4079 memoratum
1421 4021 1479 4092 est,

289 4152 328 4196 ex
351 4135 542 4199 Fescennino
563 4135 616 4198 iila
640 4137 796 4201 locutione
817 4139 969 4220 originem
990 4140 1100 4214 traxit,
1122 4157 1202 4219 quae
1224 4138 1366 4202 versibus
1386 4139 1482 4200 alter·

290 4258 338 4319 nis
357 4255 526 4338 opprobria
549 4259 664 4323 rustica
693 4259 793 4334 iudit3
820 4261 1024 4342 quibuscum
1044 4261 1167 4327 saltatio
1193 4267 1225 4324 ct
1244 4261 1319 4323 artis
1339 4260 1480 4324 ludicrae
1534 4245 1538 4252 ’

290 4388 472 4444 ornamenta
492 4383 711 4459 accessissent,
732 4383 808 4450 inde
829 4391 950 4448 certum
971 4381 1129 4466 quoddam
1148 4383 1214 4448 ludi
1240 4383 1357 4448 scenici
1381 4399 1480 4464 genua
