3290 5130
565 381 629 440 nx·
642 356 808 440 sunnon
828 381 904 442 ιω.
920 381 972 440 ιιι.

251 529 299 592 ul.
325 529 426 592 Vivite
447 529 610 600 lurcones,
632 529 841 600 conciones,
862 526 956 589 vivite
977 533 1101 593 ventres

254 645 303 707 25.
327 643 386 706 Per
403 642 565 724 inhospita
586 649 697 726 tesqua
716 648 881 726 regentem

179 761 295 823 Rerum
316 758 422 821 animo
443 757 585 840 sequitur
604 765 766 839 ceptorum
789 756 890 840 mulie
912 757 1023 820 maior.

639 945 773 1016 nm.
796 909 895 1016 ιιι.

253 1111 277 1178 l.
442 1133 443 1136 ¹
507 1102 556 1162 bis
578 1101 853 1183 quineoetogenn
875 1100 998 1162 videbis

185 1216 378 1292 Commodum
399 1217 473 1278 item
493 1215 602 1300 Capua
620 1215 850 1298 quinquaginta
870 1221 965 1297 etque
987 1214 1133 1298 ducente.

252 1333 282 1394 2.
304 1331 353 1394 lu
371 1337 498 1413 portum
518 1330 606 1392 mille
626 1349 643 1391 n
663 1336 756 1411 porta
777 1336 844 1401 est3
866 1329 982 1392 exinde
1002 1329 1192 1391 Sellcrnnm.

186 1487 371 1496 —--------

178 1574 299 1637 Vergcset
309 1574 573 1637 sontem-cnutum
585 1571 754 1632 montaneis
783 1572 897 1622 Lucillius
914 1575 940 1624 in
957 1573 1073 1624 mundo.
1091 1573 1196 1622 eudem
1213 1573 1292 1622 locum
1308 1573 1358 1620 llo-

179 1664 292 1712 correxit.
311 1674 352 1712 om
367 1663 473 1723 utroque
488 1663 542 1712 loeo
553 1661 630 1710 codd.
643 1661 752 1727 corrigo:
784 1661 839 1710 nius
863 1663 987 1712 Marcius
1001 1675 1028 1724 p.
1042 1662 1068 1710 6.
1081 1676 1105 1709 a.
1122 1661 1206 1710 nudet
1222 1673 1254 1710 ex
1269 1660 1313 1708 lib.
1326 1659 1356 1706 V.

178 1751 286 1800 lendum
312 1752 384 1812 etque
412 1750 522 1798 nuditum
547 1751 584 1798 cst
611 1749 684 1798 itiner
710 1749 755 1798 lini
784 1748 1004 1811 sed'probabiliter
1029 1749 1164 1798 coniectum
1189 1749 1241 1809 est,
1266 1727 1363 1796 numeri

282 1839 380 1888 llumine
402 1840 431 1887 eh
448 1839 498 1887 imo
593 1845 595 1850 ’
784 1835 877 1898 signum
894 1849 926 1886 cx
943 1836 1055 1898 sequenti
1074 1836 1149 1886 Vioilc
1165 1835 1246 1884 ortum
1264 1847 1326 1884 esse.

179 1927 223 1974 clr.
242 1930 304 1976 lton.
318 1940 344 1989 p.
357 1926 417 1976 sle.
430 1927 475 1976 Ed·
488 1941 514 1976 n.
527 1926 570 1974 ulli
589 1923 668 1984 terme
683 1925 755 1992 itiner
820 1925 863 1972 25.
882 1924 965 1988 Barth.
984 1923 1085 1980 Adsere.
1097 1923 1148 1972 XV.
1163 1923 1189 1972 9.
1201 1923 1233 1972 sd
1244 1925 1303 1972 lior.
1316 1925 1361 1984 Ep.

179 2015 262 2070 multis
288 2013 382 2076 Plauti,
409 2014 539 2076 Varronis,
564 2013 642 2074 sccii,
666 2011 756 2065 usnilii
786 2015 806 2061 l.
820 2013 861 2060 ll.
876 2012 919 2061 l9.
936 2011 963 2060 ln
977 2011 1036 2076 eorl.
1056 2010 1223 2073 interpretatio
1241 2011 1278 2059 est
1296 2010 1361 2060 noeis

178 2102 238 2152 locis
253 2102 423 2156 [confirmatur.
450 2102 556 2152 Lucilius
578 2097 674 2161 quidem
697 2100 756 2152 elius
783 2103 867 2162 ,lupo
888 2113 943 2149 cum
969 2099 1079 2161 exuplo
1102 2112 1133 2148 ex
1158 2099 1242 2148 Lucilii
1267 2099 1311 2148 lilr.
1329 2101 1360 2148 ll.

177 2189 225 2238 iter
242 2191 325 2242 luetur
342 2190 387 2240 cir.
405 2189 458 2239 Lilr.
471 2191 534 2240 Vlll.
548 2191 573 2237 l.
594 2189 620 2238 sl
631 2201 699 2238 emm
710 2189 756 2238 iter
786 2187 871 2250 usqua
886 2190 939 2238 loen
950 2188 1060 2246 numu,
1078 2201 1140 2250 ques
1152 2187 1229 2250 subici
1242 2199 1361 2247 nonpos-

179 2279 258 2328 mauu
270 2281 316 2328 etc.
331 2279 362 2328 de
373 2291 446 2328 sensu
462 2279 508 2326 eir.
522 2278 570 2326 Sic.
583 2277 637 2328 llel·
651 2280 681 2324 Χ.
694 2276 753 2324 rel.
785 2277 861 2338 suul3
879 2277 987 2339 loquitur
998 2278 1023 2326 in
1040 2275 1147 2326 vilicum
1164 2275 1268 2326 Lucilius
1286 2275 1312 2324 in
1328 2277 1359 2324 ll.
1459 2266 1464 2275 '

178 2366 202 2413 si
220 2369 324 2416 Porsena
342 2366 416 2416 tendo
434 2366 531 2416 nuditus
548 2366 591 2414 tini
608 2366 655 2414 etc.
785 2365 832 2414 eir.
844 2367 920 2416 Varro
936 2369 965 2415 L.
977 2363 1069 2415 L’vu.
1085 2364 1210 2414 lli-lt.
1223 2364 1288 2414 lest.
1300 2376 1322 2412 s.
1335 2375 1360 2410 v.

214 2454 255 2501 tl.
276 2458 338 2506 lion.
354 2455 385 2504 ed
403 2456 501 2504 Terent.
518 2455 616 2504 Phorm.
628 2456 657 2502 V.
672 2455 696 2502 l.
711 2453 754 2502 llll.
787 2457 876 2516 loquo.

687 2611 771 2656 ΗΒ.
791 2609 853 2656 111.

214 2731 330 2790 Porphyr.
353 2729 383 2777 nd
405 2729 499 2778 Horatii
515 2729 589 2777 satir.
606 2731 626 2777 l.
641 2730 667 2777 lli
685 2729 758 2778 Luci·
788 2727 824 2776 lile
839 2728 952 2780 octo-seu
968 2728 1003 2777 lie
1020 2729 1077 2789 puin
1093 2729 1214 2788 octooinlo
1234 2731 1264 2776 Δ.
1276 2731 1296 2776 Ι.
1310 2731 1362 2776 lte-

179 2820 238 2868 lium
258 2819 303 2866 hee
319 2817 393 2866 satire
410 2816 545 2865 aemuletur
563 2817 692 2879 Horatius,
711 2817 759 2866 iter
789 2815 849 2864 diol.
867 2815 922 2867 lun.
940 2817 996 2864 luri.
1017 2816 1137 2876 oclopinto
1153 2828 1238 2863 comm.
1256 2816 1275 2864 i.
1294 2819 1363 2866 octo-

180 2919 251 2954 suum
268 2919 282 2953 e
300 2907 375 2954 Rome
391 2917 467 2966 usquc
483 2904 644 2954 Brundusium
664 2905 756 2954 desem-
787 2901 854 2964 mo
870 2905 982 2954 sestercio
998 2905 1068 2953 Voss.
1086 2904 1215 2955 Arutmch.
1230 2903 1290 2953 tol.
1312 2907 1363 2954 Lu-

180 2996 258 3054 lrens3
284 2993 350 3055 quod
375 2995 400 3042 et
425 2993 516 3042 illo'in
533 2995 575 3041 111.
597 2993 659 3042 libro
680 2983 756 3055 lecit;
788 2994 856 3044 cilius
876 2995 916 3044 l'is
934 2995 974 3056 qni
998 2994 1027 3042 lo
1051 2996 1165 3056 sclopano
1187 2990 1283 3042 videtu.
1301 3005 1364 3040 com-
1417 3021 1418 3025 =

181 3081 260 3142 primo
284 3096 298 3130 e
323 3085 398 3132 llome
421 3083 526 3142 capuam
549 3094 625 3142 usque
652 3083 678 3130 ot
697 3081 757 3131 'inde
788 3083 882 3134 melote
898 3083 953 3145 copi
968 3081 1216 3144 pnioploolnloqnod
1234 3074 1364 3130 monrium

179 3169 267 3220 tretrun
279 3171 401 3222 Siciliense
411 3170 485 3220 *idem
497 3170 529 3218 ae
545 3171 606 3220 llor.
618 3170 664 3220 set.
678 3173 698 3218 l.
714 3171 756 3220 ll).
787 3171 833 3220 cst.
859 3171 971 3220 ceterum
987 3183 1038 3220 non
1055 3169 1114 3219 salis
1131 3170 1242 3231 constet,
1261 3181 1364 3232 quornm

180 3258 217 3310 eil
233 3259 309 3310 romu.
323 3255 616 3323 mpicimolutlociliur
626 3257 756 3308 Arelate·
785 3259 895 3308 locorum
920 3259 1047 3310 intervella
1075 3259 1113 3308 tris
1146 3259 1226 3308 verbis
1259 3257 1365 3308 Lucilius

179 3347 328 3404 misaelem
349 3348 455 3396 Lucilius
478 3347 578 3409 propter
597 3347 756 3396 urllnnitetun
787 3347 918 3399 notaverit.

182 3433 269 3487 licitur
286 3438 311 3484 ct
326 3436 404 3486 mulas
421 3448 467 3498 pro
484 3447 530 3495 co,
549 3430 616 3497 quod
632 3434 755 3498 emendet,
822 3435 849 3483 L.
867 3437 972 3486 munh.
984 3436 1081 3496 saturn.
1094 3439 1115 3484 L
1131 3449 1154 3484 c.
1167 3438 1193 3484 e.
1208 3450 1233 3496 p.
1246 3436 1305 3484 lst.
1319 3435 1364 3483 Lo.

180 3521 283 3580 positum
309 3524 360 3582 est,
387 3523 445 3572 lueit
468 3525 550 3575 sutem
575 3522 680 3572 Lucilius
701 3523 757 3582 turn
788 3526 877 3572 zeune
895 3524 991 3573 Gelil.
1006 3523 1049 3572 lo.
1067 3511 1165 3584 portum
1180 3523 1286 3574 ttnmob.
1302 3521 1364 3572 llud.

181 3608 254 3668 eius,
279 3609 332 3656 lum
353 3611 392 3658 rel
414 3611 440 3660 lu
464 3612 538 3662 tertio
559 3611 621 3660 libro
645 3612 670 3659 et
692 3623 757 3662 nouo
788 3612 851 3662 vett.
864 3614 963 3673 portum
974 3612 1035 3661 Gell.
1048 3611 1126 3661 codd.
1138 3612 1217 3666 orell.
1231 3610 1363 3664 mentm.

180 3696 219 3746 vel
240 3694 341 3746 decimo.
607 3713 612 3752 J
711 3727 714 3736 ι
789 3703 908 3750 oPoello
926 3703 961 3751 ert
984 3704 1005 3750 1.
1017 3703 1123 3750 Gronov.
1140 3713 1172 3750 ex
1194 3701 1279 3763 priscis
1301 3700 1362 3749 de.

217 3784 242 3830 l.
261 3785 322 3833 lton
346 3798 380 3844 p..
395 3785 452 3836 let.
478 3789 538 3838 tlod.
566 3788 623 3850 poor
642 3790 679 3836 oct
681 3819 732 3836 .....
735 3790 757 3838 tr
787 3787 885 3850 portum
896 3788 1150 3853 intelligittlbnmum
1167 3789 1364 3852 propinquiorem

182 3872 370 3932 cap-quino
387 3873 508 3926 etfacilis
525 3877 560 3925 its
576 3876 709 3926 necessaris
720 3876 758 3924 est
787 3877 887 3938 Paeto,
905 3879 931 3927 et
946 3878 1139 3940 longinquiorem
1157 3891 1171 3928 e
1190 3880 1303 3939 selerne,
1329 3878 1364 3926 its

181 3959 327 4008 conlectura.
351 3959 408 4008 item
429 3964 525 4014 emend.
543 3967 632 4026 larges
651 3976 696 4025 pro
721 3968 755 4023 tc,
788 3966 817 4014 ut
832 3965 906 4026 prin
928 3967 1014 4015 Paesto
1031 3967 1156 4016 Salernum
1173 3968 1303 4029 petebant,
1322 3966 1364 4014 ent

181 4047 286 4108 quodet
301 4035 348 4096 loei
366 4049 756 4116 mutentimconreuirevidotur‚
789 4054 868 4115 ipsum
888 4053 985 4114 portum
1008 4056 1140 4105 Alburnum
1167 4057 1269 4106 tremite
1287 4055 1362 4106 debe-

180 4136 206 4182 et
229 4135 298 4184 imile
325 4135 451 4200 depravari
477 4140 556 4198 poluit
577 4141 623 4190 cir.
657 4144 704 4190 llen
729 4142 754 4192 in
786 4144 841 4192 rent
858 4143 900 4192 eut
915 4142 1015 4204 propter
1030 4144 1117 4206 illnm;
1136 4146 1178 4194 sed
1189 4145 1362 4204 vergesl’om·

180 4223 238 4271 llor.
252 4225 312 4287 Lpp.
325 4228 357 4276 ll.
371 4227 397 4276 l.
412 4225 472 4276 226.
491 4228 552 4278 scel.
565 4230 590 4276 et
607 4231 673 4280 Iluse
689 4232 753 4280 coni.
786 4229 860 4301 peior..
870 4229 995 4294 intelligit,
1016 4244 1088 4293 quem
1101 4233 1187 4283 urbem
1203 4245 1253 4282 non
1269 4229 1364 4297 inlipso

178 4309 255 4360 millio
278 4327 351 4372 porro
368 4313 403 4366 tls
418 4339 451 4352 -υ
469 4315 495 4364 lo
514 4317 542 4364 c.
562 4315 630 4366 ilinc.
642 4321 755 4380 -otpee
787 4318 953 4368 merislittore
969 4318 1043 4370 situm
1060 4320 1133 4372 luisse
1146 4321 1225 4371 docel.
1239 4321 1283 4370 cfr.
1297 4335 1323 4382 p.
1337 4321 1362 4370 8.
