3242 5138
435 419 439 426 ’
507 437 562 494 os
579 432 763 496 sansonis
781 439 1001 500 nocuimus.
1265 465 1337 505 mv

142 602 203 646 non
234 585 341 662 iniquo
365 583 469 644 culmo
486 584 603 657 leram,
635 585 661 647 si
675 586 768 664 quis,
791 588 900 668 paucis
919 588 1078 666 exceptis,
1104 590 1223 668 reliqua
1241 593 1337 656 multo

144 709 235 770 aliter
252 705 403 785 explicari
421 705 631 786 posscdicat;
653 706 707 769 sed
729 709 757 768 si
778 715 895 768 certam
911 709 1065 787 quandam
1085 705 1335 789 probabilitatem

143 835 269 891 secutus
288 829 372 904 sumf,
389 829 465 890 «iure
480 845 548 890 meo
565 829 712 914 colligere
729 847 820 908 posse
840 829 958 904 videor,
981 833 1132 893 Lucilium
1153 841 1247 912 atque
1268 836 1331 896 IIo-

142 953 256 1024 ratium
275 948 357 1011 idem
380 950 447 1016 iere
467 951 688 1030 argumentum
707 970 769 1013 non
786 952 895 1014 eodem
910 953 1035 1031 quidem
1050 955 1141 1015 modo
1155 952 1209 1017 sed
1230 963 1334 1018 tamen

141 1041 227 1134 baud
260 1071 424 1132 admodum
454 1071 644 1133 dissimiliter
671 1077 868 1146 tractavisse;
900 1093 961 1152 qua
988 1076 1113 1152 quidem
1137 1095 1172 1138 re
1200 1077 1239 1138 de
1263 1079 1334 1139 lau·-

142 1195 233 1256 dibus
258 1194 377 1261 Horatii
405 1194 448 1253 nil
469 1191 648 1274 derogatur,
680 1195 734 1256 sed
760 1193 821 1256 hoe
844 1197 1042 1257 manifestum
1065 1197 1115 1272 tit',
1145 1199 1249 1273 illurn,
1272 1218 1333 1278 quo

140 1317 238 1376 maior
259 1316 370 1393 'gratia
400 1332 525 1376 suorum
552 1317 726 1376 carminum
755 1327 851 1390 esset,
886 1319 918 1378 in
949 1322 1125 1398 argumenti
1151 1322 1331 1382 inventione

141 1438 237 1498 multo
272 1425 403 1515 saepius
425 1437 544 1498 Lucilii
563 1439 691 1518 vestigia
729 1443 882 1500 secutum*
903 1455 986 1513 esse,
1024 1429 1121 1519 quam
1143 1441 1247 1502 'adhue
1268 1418 1331 1504 'bo-

138 1558 237 1621 min'es
258 1559 342 1620 docti
363 1561 583 1622 concesserint.
624 1560 686 1622 ¹Sed
707 1569 742 1622 ut
762 1534 798 1623 eo
813 1565 1000 1634 revertatur,
1022 1561 1106 1624 unde
1126 1562 1267 1642 proiecta
1283 1571 1331 1626 est

137 1682 252 1754 orello,
274 1682 357 1742 inter
378 1680 522 1744 homines
538 1684 717 1756 litteratos,
736 1683 920 1761 quibuscum
949 1684 1066 1744 Lucilio
1090 1685 1210 1744 arcfior
1227 1685 1329 1746 inter·

137 1802 229 1864 cessit
246 1803 450 1864 consuetudo
464 1801 564 1882 'atque
591 1805 801 1878 familiaritas,
827 1819 905 1882 ¹prae
927 1793 1175 1884 ceterisdignus
1202 1811 1249 1867 est
1274 1808 1327 1884 qni

135 1931 336 1998 momoretur,
358 1929 392 1986 L.
409 1927 512 1986 Aelius
527 1926 612 1986 Stilo·
624 1925 845 2000 Praeconinus,
865 1927 978 1988 litteris
995 1919 1217 1998 ornatissimus,
1231 1905 1328 1988 'cuius

134 2045 246 2104 honori
268 2047 402 2108 Lucilius
431 2047 566 2124 priorem
585 2048 767 2107 Saturarum
788 2045 903 2107 librum
923 2046 1084 2108 dedicasse
1104 2047 1244 2116 videtur,
1263 2047 1323 2108 cfr.

135 2169 226 2227 Auct.
249 2167 287 2227 ad
309 2167 518 2228 Hereumiv.
536 2168 582 2228 la.
601 2170 647 2228 ltl.
677 2170 721 2228 Ex
745 2183 805 2246 quo
834 2161 961 2246 quidem
984 2169 1054 2228 Ioco
1083 2185 1154 2230 cum
1180 2176 1325 2230 constans

133 2289 268 2348 omninm
288 2289 437 2349 librorum
458 2289 552 2352 lectio
575 2290 630 2362 sit,
655 2293 757 2368 priore
778 2291 842 2352 sive
860 2293 969 2370 priori·
980 2289 1179 2372 (confirmant
1199 2307 1323 2368 quoque

132 2419 187 2471 s'ex
206 2411 302 2472 Codd.
327 2416 346 2472 al
366 2412 488 2473 Baitero
510 2412 626 2490 collati)
649 2409 709 2472 hoc
737 2407 829 2474 etlam
851 2413 1045 2492 intelligitur,
1076 2409 1179 2473 totum'
1202 2419 1323 2473 satura·

132 2549 201 2592 rum
224 2501 338 2613 corpus
359 2534 391 2594 in
413 2534 490 2596 duos
516 2535 612 2595 libros
634 2535 730 2596 iuisse
754 2535 959 2608 disiunctum,
987 2541 1018 2595 et
1038 2535 1177 2613 priorem
1197 2533 1322 2612 quidem
1356 2507 1358 2512 ¹

131 2655 170 2715 ad
191 2658 229 2715 1..
241 2657 361 2716 Aelium
381 2656 475 2717 misse
496 2664 625 2734 aposta
647 2657 870 2718 transmissum.
903 2657 1000 2726 „Hos
1014 2673 1062 2716 res
1080 2656 1121 2716 od
1141 2659 1331 2732 asscriptus„

130 2777 207 2836 Loci
229 2779 369 2839 misimus
382 2778 484 2839 Aeta?
516 2777 576 2853 Qui
591 2777 820 2838 cum‘carmina
834 2777 962 2837 saliaria
982 2783 1015 2836 et
1033 2777 1119 2855 leges
1137 2775 1237 2836 Tabb.
1251 2777 1318 2836 XII.

129 2898 361 2961 commentariis
373 2899 592 2971 illustraverit,
601 2899 640 2959 de
655 2898 846 2976 AntIquitate
860 2901 997 2959 Romana
1010 2897 1125 2959 librum
1139 2895 1334 2974 composue'

128 3021 187 3095 rit,
208 3021 320 3081 multas
344 3019 499 3082 orationes
515 3022 755 3099 conscripserit,
778 3037 858 3098 quae
878 3021 918 3081 ab
939 3021 1006 3082 aliis
1025 3017 1228 3092 haberentur,
1249 3035 1318 3078 ma-

127 3144 224 3222 gister
237 3143 385 3204 Varronis
399 3142 510 3216 tuerit,
533 3144 624 3204 facile
640 3143 739 3204 estad
760 3143 996 3222 intelligendum
1006 3159 1025 3214 ,2
1036 3158 1128 3220 quam
1141 3142 1318 3219 elegantem

128 3273 220 3343 atque
240 3265 397 3326 eruditum
417 3282 492 3327 suae
513 3267 614 3344 poesis
633 3265 768 3327 iudicem
786 3266 932 3328 ‘Lucilius
954 3283 1081 3326 sumere
1100 3263 1250 3335 voluerit3
1275 3261 1315 3323 de

128 3405 188 3465 qno
206 3387 366 3460 consulas,
389 3405 521 3465 quaeso,
543 3386 652 3468 Orellii
672 3388 892 3454 Onomasticon
913 3389 986 3449 Cic:
1000 3387 1126 3464 Quinct.
1150 3373 1187 3448 X.
1214 3390 1239 3446 l.
1263 3387 1312 3448 99.

128 3507 204 3580 Geli.
226 3509 321 3580 ivri.
345 3511 368 3569 Ι.
393 3511 439 3570 iil.
463 3511 491 3570 l.
515 3511 554 3583 2'3
586 3511 753 3580 11.al.8;
782 3512 832 3570 Ill.
855 3510 884 3568 5.
908 3511 946 3579 l,;
973 3509 1010 3568 V.
1025 3508 1076 3568 al.
1092 3510 1127 3580 ῦς
1148 3509 1185 3568 V.
1202 3505 1256 3568 lo.
1276 3507 1294 3566 δ
1304 3527 1313 3578 ;

89 3643 91 3650 '
125 3632 192 3698 XII·
208 3633 240 3691 lt.
252 3633 289 3704 ὃς
312 3633 379 3693 Lib.
392 3633 473 3692 XVI.
489 3634 519 3693 8.
543 3633 580 3692 X.
597 3633 644 3692 al.
661 3633 689 3691 i.
713 3631 852 3690 Carrion.
869 3632 954 3691 Lect.
970 3629 1072 3706 Antiq.
1087 3629 1112 3687 I.
1124 3629 1154 3688 8.
1176 3625 1310 3708 uadug.

125 3753 165 3812 de
185 3753 270 3812 Lucii
291 3756 365 3814 ¹Attii
385 3755 562 3816 didascaliis
582 3755 698 3814 comm.
713 3755 746 3814 in
761 3753 876 3832 Oposc.
892 3741 993 3814 Acad.
1011 3767 1043 3830 p:
1059 3751 1114 3812 lib
1128 3766 1214 3828 seqq.
1237 3749 1325 3828 Qui-¹

124 3877 183 3936 bus
204 3891 243 3934 ex
264 3875 340 3936 locis
358 3877 456 3938 facile·
469 3884 571 3957 patet,
594 3883 709 3954 quanta
722 3875 822 3936 tuerit
842 3875 924 3943 illius
941 3873 1140 3935 Grammatici
1157 3871 1314 3932 existima-

124 3998 167 4057 tio
191 3996 283 4076 ⁴apud
311 4006 466 4075 posteros,
502 4017 572 4060 cnm
602 3999 669 4078 ipsc
696 3995 789 4058 buius
812 3995 907 4058 studii
933 3973 1034 4073 paene
1059 3994 1205 4072 princeps
1229 3991 1313 4054 inter

123 4121 277 4181 Romanos
290 4118 341 4180 sit.
369 4119 428 4185 Ubi
441 4122 649 4201 Etymologiae
664 4121 705 4182 ab
715 4121 770 4180 iilo
790 4117 986 4198 praepositae
1002 4101 1220 4194 vituperantur
1233 4127 1264 4175 v.
1280 4130 1310 4175 c.
1428 4192 1430 4196 .

123 4242 266 4304 vocabuli
286 4243 384 4321 topos,
406 4245 644 4324 quamproprie
666 4245 777 4322 levipes
798 4241 1002 4302 dictum-esse
1023 4244 1130 4317 putat,
1158 4236 1310 4296 boccum

124 4365 219 4426 mutto
250 4365 318 4429 eius
341 4364 481 4430 vhouore'
496 4363 540 4425 iit.
574 4365 725 4428 Eiusdem
757 4351 927 4426 auctoritas
955 4361 987 4422 in
1018 4359 1169 4422 vocabulo
1199 4358 1310 4418 triones
