3286 5126
374 431 426 490 DE
443 423 687 493 SINGULORUM
701 429 900 494 truncabat
917 429 1174 492 andanumts.
1284 451 1373 496 nuru

184 593 248 640 non
268 577 404 640 alienum
424 578 466 638 fr.
481 578 564 638 ΧΙΙΙ.
585 578 877 656 quanquam-otiam
901 579 979 642 Aelii
991 579 1376 664 Tuberonis-intermunt

182 701 261 762 uam?
269 701 487 780 nordmaniam
500 699 548 762 bis
555 673 791 780 „verbis-aliquis
804 707 942 762 notatam
956 709 1060 781 putet,
1077 700 1109 765 id
1122 704 1206 783 quod
1220 707 1375 768 lineatae.-

183 811 415 887 maronicum.
456 821 575 884 Aelium
587 824 681 887 ¹enim
700 823 854 903 pelliculis
877 821 1019 886 haedinis
1032 833 1192 905 -praetura
1218 827 1374 890 deiectum

182 944 294 1006 Cicero
312 943 388 1007 dicit
407 951 464 1024 pro
485 945 564 1006 llur.
591 945 727 1006 XXXVl.
750 946 798 1006 ld.
827 947 946 1026 reliqua
965 947 1004 1007 Xt
1027 948 1080 1009 Xl.
1101 949 1168 1008 Xll..
1190 950 1270 1013 XlV.
1284 951 1376 1014 «uma

174 1061 318 1140 babent,
338 1043 452 1145 exque
467 1073 521 1128 aut
535 1074 640 1128 certae
655 1067 815 1132 cuiusdam
832 1075 985 1148 personae
1000 1076 1055 1131 ant
1073 1071 1121 1131 rri
1134 1073 1250 1133 notatio
1262 1074 1376 1136 mniici

171 1185 330 1268 ‘possit*).
376 1190 483 1268 Neque
515 1190 575 1250 alia
606 1207 714 1252 corum
744 1191 989 1272 fragmentorum
1013 1195 1068 1256 sest
1098 1193 1194 1266 ratio,
1220 1211 1305 1273 qnae
1335 1213 1375 1276 ea

181 1307 270 1374 libris
289 1310 454 1372 Xlerlll.
475 1328 578 1390 ¹nsque
598 1312 637 1372 ad
658 1313 751 1373 XXV.
774 1313 953 1377 laudantur.
995 1316 1073 1377 Sunt
1098 1316 1184 1377 enim
1208 1315 1374 1379 admodum
1408 1331 1410 1336 ’

182 1443 282 1510 pauca
303 1439 334 1493 et
354 1429 479 1512 siquae
501 1435 625 1496 numina
650 1435 777 1515 propria
797 1436 921 1510 insunt,
943 1436 1021 1498 nihil
1041 1436 1115 1498 inde
1135 1437 1175 1499 ad
1196 1439 1289 1500 totius
1301 1439 1374 1502 libri

182 1561 398 1637 argumentum
413 1555 633 1638 explicandum
645 1559 755 1638 colligi
776 1565 891 1638 potest.
932 1558 1049 1636 Quodsi
1069 1559 1167 1642 igitur
1185 1561 1375 1640 interpretes

181 1676 382 1742 nibilominus
403 1677 572 1741 divinando
593 1686 624 1742 et
650 1681 855 1746 coniectando
876 1681 1012 1743 firmiora
1033 1682 1073 1744 de
1093 1681 1205 1744 borum
1224 1683 1375 1746 librorum

181 1801 373 1882 argumentis
392 1802 526 1883 proponi
545 1817 637 1880 posse
657 1811 839 1882 sperarunt,
862 1803 921 1864 boc
940 1801 1169 1877 indonatum,
1194 1804 1276 1883 quod
1297 1821 1374 1884 pan·

182 1923 227 1987 uls
247 1923 430 2004 fragmentis
449 1925 520 2003 plus
541 1923 736 1997 tribuerunt,
764 1942 856 2004 quam
877 1933 934 2006 par
954 1931 1011 1988 eat.
1053 1925 1123 2004 Quo
1143 1943 1182 1988 ex
1208 1928 1376 2008 genereid

182 2051 241 2118 cst,
271 2044 354 2124 qnod
375 2045 415 2108 dr
440 2043 513 2107 libri
536 2044 712 2110 duodecimi
733 2053 916 2127 argumento
927 2046 1149 2112 ,Schoanbccb
1161 2047 1280 2111 bobeta
1305 2051 1376 2124 „da

181 2169 216 2228 'rc
245 2166 369 2228 scenica
401 2183 495 2248 agere
527 2168 665 2242 videtur,
699 2168 781 2248 quod
811 2170 1002 2249 potissimum
1026 2187 1065 2232 ex
1087 2171 1245 2234 Diomedis
1271 2173 1376 2236 verbis

176 2287 300 2370 'colligit
317 2288 384 2352 Lib.
402 2291 453 2354 tlt.
475 2309 509 2370 p.
524 2291 592 2352 lid.
617 2291 700 2365 „alii
720 2291 824 2355 ariao
846 2291 1039 2372 tragoediam
1051 2277 1169 2356 dictum
1181 2293 1376 2358 arbitrantur

179 2418 363 2494 propterca,
389 2411 472 2492 quod
493 2413 565 2474 olim
585 2413 765 2476 dictabatur
786 2409 890 2497 τρύξ,
910 2413 929 2476 ‘a
950 2433 1013 2497 qno
1033 2413 1197 2500 τρύγητος
1218 2414 1375 2498 hodieque

180 2533 337 2597 vindemia
356 2541 420 2606 est,
442 2535 514 2614 quia
533 2536 732 2598 Liberalibus
751 2537 835 2617 apud
856 2538 974 2600 Atticos
993 2538 1045 2600 die
1064 2539 1143 2601 lusto
1164 2539 1267 2602 Liberi
1279 2541 1377 2620 patris

181 2623 287 2720 vinnm
300 2655 484 2719 cauteribus
495 2675 564 2737 pro
578 2658 742 2720 corollario
756 2657 901 2732 dabatur,
917 2659 1006 2724 cuius
1019 2660 1065 2721 rei
1079 2662 1167 2729 testis
1180 2669 1233 2724 est
1245 2663 1380 2726 Lucilius

184 2957 186 2962 Ι
207 2885 237 2952 *),
249 2881 354 2962 Corpet
372 2884 482 2944 lincam
502 2890 616 2945 secutas
636 2887 701 2944 buic
713 2888 792 2944 libro
811 2889 940 2946 adiunxit
958 2905 995 2946 ex
1014 2889 1047 2948 tr.
1065 2891 1120 2948 inc.
1141 2889 1300 2960 putantur.
1316 2890 1376 2950 aaa.

251 2975 326 3046 quod
345 2977 391 3030 ila'
403 2975 524 3052 scribit:
549 2979 615 3032 Non
633 2982 755 3032 laudare
774 2975 910 3032 bominem
927 2995 1090 3050 quemquam
1107 2997 1193 3049 neque
1212 2997 1259 3035 mae
1280 2982 1379 3047 farere

248 3079 369 3131 unquam
390 3064 438 3118 ubi
458 3083 514 3118 non
534 3069 578 3120 est
600 3065 628 3119 in
649 3053 738 3120 Codd.
766 3065 818 3121 sed
843 3065 892 3121 ille
911 3065 1071 3122 Varronem
1094 3065 1126 3124 L.
1139 3066 1172 3122 L.
1186 3065 1251 3125 Vll.
1271 3069 1300 3136 δ.
1317 3068 1375 3126 100.

223 3196 229 3202 ,
248 3155 278 3206 et
300 3148 468 3208 Columnam
486 3153 522 3208 ad
539 3151 662 3208 Ennium
681 3169 711 3223 p.
727 3151 788 3210 l87.
807 3151 862 3211 aa.
882 3153 989 3210 Hessel
1009 3159 1141 3212 auctores
1163 3157 1269 3214 laudat.
1291 3173 1376 3229 prae-

249 3242 328 3297 terea
356 3241 390 3296 ir.
406 3239 514 3312 XXVI.
533 3241 583 3300 lib.
599 3239 652 3298 tx.
677 3243 706 3298 in
731 3241 805 3299 bunc
825 3243 917 3300 locum
941 3245 1116 3324 transposuit
1133 3248 1163 3300 et
1178 3261 1231 3316 pro
1250 3250 1379 3306 curraoit

248 3328 364 3384 scribit:
384 3333 525 3386 crissabtt
533 3352 545 3395 ‚·
564 3332 639 3402 quod
658 3329 785 3386 Donatus
799 3330 835 3386 ad
856 3330 923 3386 Tar.
936 3330 1009 3388 Eun.
1025 3331 1076 3386 lll.
1092 3333 1116 3387 t.
1131 3333 1174 3388 34.
1195 3333 1268 3390 bunc
1285 3335 1378 3390 locum

184 3447 186 3456 ,
248 3409 416 3486 respexisse
445 3408 585 3474 videatur.
611 3419 652 3474 ibi
679 3419 753 3474 enim
772 3418 843 3474 baec
860 3420 1009 3489 leguntur:
1041 3413 1183 3476 abdomen
1203 3423 1232 3477 iu
1258 3438 1378 3493 corpora

184 3571 187 3578 ¹
248 3505 445 3576 foeminarum,
466 3507 579 3576 paticus
598 3507 834 3576 inimicarentur,
856 3510 980 3569 scortum
994 3507 1108 3576 dicitur,
1127 3509 1193 3566 ideo
1206 3511 1379 3580 qutascorta

248 3597 313 3651 sunt
331 3595 407 3650 coria
426 3595 512 3650 dura.
549 3594 575 3650 A
601 3599 683 3666 parte
699 3609 773 3664 ,ergo
793 3597 838 3650 aui
856 3595 1023 3650 meretrices
1040 3598 1135 3669 scorta
1154 3596 1302 3652 dicuntur:
1329 3599 1377 3654 val

247 3681 306 3738 ἀπὸ
331 3703 384 3738 του
407 3672 539 3760 σαίρειν,
565 3675 641 3754 quod
661 3679 770 3738 Graeca
787 3683 927 3753 palpitare
949 3683 1061 3754 dicitur,
1075 3685 1164 3770 'quod
1187 3685 1253 3740 illae
1273 3686 1377 3743 iaciunt

250 3769 378 3826 saltando
404 3773 524 3828 assidua
546 3773 595 3829 vel
622 3772 718 3842 potius
741 3769 904 3841 crassando,
930 3775 961 3826 ut
988 3770 1114 3828 Lucilius
1133 3774 1176 3829 ait
1200 3773 1227 3830 t.
1255 3773 1292 3830 ob
1312 3787 1377 3841 eam
1424 3775 1426 3780 ’

249 3872 380 3914 caussam
398 3863 428 3916 ut
450 3852 659 3918 concinniorem
678 3859 822 3916 Venerem
841 3857 996 3918 exhibeant
1013 3861 1100 3918 viris:
1129 3865 1178 3918 ant
1191 3862 1247 3924 sibi
1263 3862 1378 3938 abigant
1431 3889 1432 3894 1

250 3950 437 4016 conceptum,
470 3950 546 4019 qnod
572 3951 601 4004 in
620 3950 735 4006 vulvam
756 3949 913 4017 foeminae,
940 3951 969 4004 in
996 3950 1060 4020 ipso
1086 3952 1161 4006 coitu
1182 3966 1238 4006 non
1260 3967 1293 4008 sc
1316 3964 1380 4006 mo-

248 4031 352 4102 ventis,
372 4035 484 4093 incidit.
492 4036 510 4065 ‘'
547 4037 604 4093 Sed
624 4039 746 4108 primum
767 4037 920 4092 admodum
940 4037 1079 4094 incertum
1101 4028 1229 4094 asinum
1248 4037 1377 4110 pran-

246 4124 353 4180 oretins
365 4125 402 4180 sit
414 4127 624 4185 emendandum
643 4129 787 4192 Lucilium
808 4128 866 4182 tum
883 4125 952 4184 libri·
965 4128 1058 4196 quarti
1076 4130 1142 4184 uota
1160 4129 1303 4200 adscripta
1321 4131 1375 4188 cst.

251 4208 384 4269 Ceterum
405 4216 433 4269 et
453 4217 579 4278 crisrarc
598 4219 627 4270 et
646 4231 764 4271 cursare
782 4215 948 4270 meretrices
968 4215 1075 4285 solent,
1095 4219 1228 4288 tanquam
1250 4216 1378 4272 fruman-

248 4306 307 4357 tum
325 4302 454 4360 clunibus
474 4306 611 4359 vannant.
635 4319 722 4376 supra
740 4301 806 4358 Vll.
827 4303 869 4357 1⁰.
894 4309 956 4374 „ut
977 4306 1148 4371 frumentum
1164 4319 1287 4364 countrc
1304 4311 1376 4362 tum·

217 4403 219 4411 ‘
248 4394 291 4447 tta
298 4391 319 4424 ”
338 4391 443 4448 dictum
466 4396 546 4453 erat.
565 4392 643 4448 idam
662 4393 698 4448 tr.
713 4391 794 4448 Xlll.
813 4395 858 4449 tto
874 4397 902 4448 rt
918 4394 1041 4449 tricem
1060 4391 1167 4452 scribit.
