3242 5138
242 445 290 484 xrr
616 425 664 480 DE
682 423 864 482 raasoltls
883 423 1103 483 LUCILIANIS.

242 573 345 632 monio
360 571 399 632 ad
414 578 550 632 nostram
567 571 709 632 notitiam
723 587 907 649 pervenere,
929 569 1080 631 tenuioris
1093 572 1186 632 sortis
1205 572 1355 646 homines,
1378 576 1427 636 vel

242 695 334 756 nullis
359 692 529 756 maioribus
553 693 628 766 orti,
660 708 791 770 quornm
812 693 1063 754 commemoratio
1083 692 1123 753 ad
1152 693 1248 755 vitam
1267 711 1429 774 moresque

242 817 351 877 Lucilii
375 815 559 896 aperiendos
588 832 651 876 nou
677 815 722 876 ita
747 817 877 877 multum
903 816 1008 876 lacera
1034 815 1169 878 videtur.
1211 816 1264 877 llis
1290 817 1431 878 omnibus

244 941 350 1019 igitur,
373 939 412 999 de
432 939 545 1016 quihus
565 937 662 1000 verbo
681 939 836 999 monuisse
857 940 930 1000 satis
950 939 1020 1012 erit,
1042 938 1184 1009 reiectis,
1205 938 1306 1015 primo
1323 905 1434 998 loco'ii

239 1060 388 1122 videntur
409 1079 475 1121 esse
496 1059 718 1133 enumerandi,
741 1061 867 1138 qui-vel
886 1061 1012 1140 ingenio
1034 1068 1066 1121 et
1090 1059 1229 1120 moribus
1259 1062 1309 1120 vel
1337 1060 1432 1121 rebus

243 1200 260 1243 a
287 1202 319 1243 se
350 1182 459 1261 gostis,
486 1183 537 1242 vel
562 1182 710 1242 natalium
738 1153 924 1259 splendore,
951 1183 1002 1243 vel
1022 1182 1089 1244 aliis
1108 1181 1293 1260 quibusdam
1313 1182 1433 1244 artibus

243 1305 399 1382 insignes,
427 1321 448 1380 a
475 1311 568 1382 poeta
588 1303 686 1382 digni¹
701 1302 799 1364 habiti
828 1311 918 1376 sunt,
947 1321 1024 1382 quos
1047 1304 1159 1365 saturis
1178 1305 1242 1364 suis
1267 1303 1432 1376 intexeret,

243 1427 307 1487 sive
327 1427 450 1487 illorum
471 1425 553 1485 iacta
576 1392 805 1503 inexemplum
826 1431 1139 1498 commemoraverat,
1166 1426 1231 1486 sive
1260 1423 1430 1488 eorundem

244 1565 294 1608 res
316 1565 386 1608 cum
406 1545 539 1625 quadam
562 1546 709 1607 orationis
729 1546 897 1607 festivitate
919 1547 1129 1616 enarraverat:

319 1670 457 1730 Primum
477 1669 572 1748 igitur
592 1670 726 1730 Lucilius
746 1669 786 1730 de
805 1671 872 1748 ipso
892 1668 1003 1729 Publio
1024 1669 1168 1747 Scipione
1188 1669 1359 1730 Aemiliano
1380 1685 1433 1730 ac-

242 1791 380 1852 curatius
400 1792 499 1871 egisse
528 1791 685 1870 putandus
713 1799 770 1853 est.
813 1779 909 1852 Cuius
934 1791 981 1852 rei
1008 1787 1169 1852 testis‘est
1195 1791 1262 1869 ipse
1289 1791 1432 1852 Horatius

242 1914 272 1974 S.
287 1916 325 1973 ll.
342 1916 369 1975 t.
388 1914 434 1974 to.
468 1917 644 1984 „Attamen
665 1920 697 1974 et
714 1913 829 1974 iustum
848 1921 973 1992 poteras
1001 1919 1033 1974 ot
1058 1913 1196 1975 scribere
1216 1912 1329 1973 sortem
1351 1912 1430 1988 (scil.

242 2034 426 2112 Augustum)
460 2033 635 2112 Scipiadam
668 2039 703 2093 ut
735 2035 859 2112 sapiens
890 2035 1056 2095 Lucilius.’'
1109 2035 1198 2112 Quae
1231 2034 1356 2116 quidem
1391 2033 1431 2094 ad

242 2156 447 2216 Aemilianum
466 2172 528 2214 non
549 2154 588 2215 ad
608 2155 755 2214 maiorem
775 2155 950 2234 Scipionem
973 2154 1134 2233 pertinere
1153 2131 1350 2217 manifestum
1368 2161 1431 2226 est;

242 2276 274 2336 id
297 2277 461 2354 quodiam
482 2295 519 2338 ex
540 2278 637 2356 ipsius
657 2277 789 2338 nominis
809 2265 1016 2356 patronymici
1037 2276 1137 2337 forma
1162 2277 1293 2356 intelligi
1316 2277 1426 2353 potuit.

242 2399 329 2459 Falso
351 2399 433 2459 enim
454 2399 521 2460 eius
546 2399 664 2460 iormae
691 2405 849 2458 auctorem
870 2398 1033 2477 Virgilium
1059 2397 1166 2458 laudat
1192 2398 1370 2459 Priscianus
1392 2398 1428 2456 ll.

243 2520 271 2580 6.
288 2521 337 2580 65.
360 2537 431 2580 curn
451 2521 553 2598 potius
573 2520 707 2580 Lucilius
727 2521 808 2580 illius
821 2521 972 2581 xinventor
997 2519 1169 2580 habendos
1181 2520 1237 2593 sit,
1266 2536 1358 2606 quem
1378 2537 1430 2581 se-

242 2643 308 2703 cuti
328 2650 399 2704 sunt
419 2643 595 2717 Lucretius,
619 2644 780 2722 Virgilius,
803 2643 965 2716 lloratius,
987 2643 1183 2722 Propertius,
1205 2641 1346 2704 Manilius
1367 2641 1430 2701 alii.

243 2763 299 2824 cir.
324 2765 432 2826 Lucilii
451 2765 491 2826 ir.
505 2766 568 2826 inc.
584 2765 613 2826 6.
637 2737 830 2838 „Cornelius
849 2766 978 2826 Publius
998 2759 1105 2827 noster
1119 2750 1280 2844 Scipiadas
1299 2763 1431 2828 dictus.'’

244 2887 318 2946 Cum
341 2889 423 2947 euim
443 2897 480 2946 ea
499 2888 566 2950 iere
587 2888 744 2946 nominum
769 2886 1054 2964 patronymicorum
1074 2888 1152 2947 ratio
1173 2887 1228 2958 sit,
1254 2893 1290 2946 ut
1309 2885 1349 2946 ad
1368 2886 1432 2946 cla-

243 3007 368 3068 ritatem
388 3007 454 3068 aius
470 3008 659 3079 referantur,
688 3008 741 3085 qui
761 3007 892 3068 alicuius
911 3005 1034 3085 generis
1060 3012 1170 3067 auctor
1193 3022 1260 3066 essa
1285 3004 1433 3085 perhibe·

244 3136 305 3202 tur,
328 3129 378 3190 vel
397 3145 490 3208 aquo
504 3128 643 3190 eiusdem
662 3127 832 3207 amplitudo
855 3145 934 3191 nova
954 3129 1107 3207 quaedam
1125 3131 1319 3216 incramenta
1340 3149 1433 3212 oepe-

245 3257 314 3324 rat,
352 3252 487 3312 Lucilius
520 3268 537 3310 a
569 3250 718 3329 primaria
749 3251 835 3313 vocis
863 3252 989 3314 notione
1017 3252 1155 3314 nondum
1184 3239 1348 3314 recessisse
1378 3254 1433 3315 sed

244 3375 402 3453 propriam
429 3374 495 3434 eins
520 3373 582 3434 vim
607 3373 771 3434 retinuisse
798 3373 934 3435 videtur.
975 3374 1064 3451 Quae
1087 3374 1179 3453 longe
1201 3375 1290 3436 aliter
1309 3375 1342 3433 in
1361 3375 1432 3435 Vir-

243 3497 316 3576 gilio
336 3496 473 3557 iuerunt.
503 3495 707 3556 Nihilominus
726 3502 830 3556 tamen
849 3497 900 3557 val
919 3496 1042 3556 Maioris
1056 3495 1208 3574 Scipionis
1221 3495 1360 3559 Africani
1380 3512 1430 3557 res

244 3619 394 3678 Lucilium
414 3617 527 3695 passim
548 3617 685 3696 tetigisse
706 3635 769 3677 non
788 3618 988 3697 negaverim
1008 3617 1099 3678 modo
1121 3619 1243 3696 nequis
1262 3634 1314 3677 res
1327 3617 1366 3677 ab
1379 3617 1432 3678 illo

244 3744 346 3818 gestas
368 3739 545 3799 accuratius
571 3755 588 3798 a
616 3738 734 3799 lucilio
764 3745 924 3802 enarratas
946 3739 1041 3800 tuisse
1061 3745 1186 3800 statuat.
1220 3738 1337 3815 Quidni
1350 3740 1432 3801 enim

243 3860 277 3919 in
299 3859 386 3938 poesi
399 3860 484 3920 varia
498 3867 592 3938 atque
611 3860 774 3940 multiplici
794 3860 956 3939 praeclara
975 3861 1114 3924 facinora
1136 3864 1171 3944 P.
1186 3860 1338 3939 Scipionis
1350 3861 1432 3922 Airi-

245 3980 315 4042 cani
334 3981 461 4042 maioris
480 3984 782 4043 commemorentur?
800 3981 884 4061 quod
905 3989 940 4042 ut
960 3989 1141 4055 statuamus,
1163 3982 1239 4043 iacit
1252 3989 1283 4044 et
1297 3981 1429 4061 repetita

246 4103 427 4164 Hannibalis
448 4105 698 4166 commemoratio
720 4103 778 4166 cir.
793 4123 825 4183 p.
841 4103 889 4166 66.
907 4105 943 4168 lt
954 4125 963 4177 ;
982 4103 1032 4165 66.
1047 4106 1102 4176 id:
1124 4112 1155 4166 et
1167 4122 1275 4168 versus
1295 4119 1312 4164 a
1332 4100 1428 4163 Nouio

245 4226 358 4288 citatus
377 4243 408 4304 p.
424 4226 473 4287 tt.
489 4225 546 4288 Ed.
561 4231 696 4288 nostrae.
718 4227 841 4299 „Testes
860 4235 931 4290 anat
946 4228 1018 4288 Leti
1030 4231 1130 4306 campi
1142 4229 1307 4308 preceperit
1319 4223 1430 4304 Africo

242 4348 390 4428 politos.''
436 4346 496 4410 Sed
525 4365 566 4409 ne
595 4347 747 4427 Scipionis
777 4348 940 4412 Aemiliani
971 4349 1095 4427 quidem
1123 4342 1174 4414 res
1211 4347 1361 4409 Lucilium
1391 4345 1431 4406 da
