3290 5130
293 389 376 480 cana
665 414 715 474 uu
734 405 1097 474 orlr1ouruuc1uu.

291 563 432 630 iambicis
452 581 521 628 csse
546 561 735 644 compositus
757 561 902 634 videtur;
931 559 987 624 sed
1015 560 1130 640 passim
1155 561 1304 640 leguntur
1331 559 1484 624 trochaici

292 695 325 752 et
337 705 446 752 versus
458 686 604 766 dactylici
623 685 663 748 tr.
678 686 746 747 XII.
760 685 840 749 XIV.
856 684 922 748 XV.
945 683 1086 764 adeoque
1101 684 1241 746 Creticus
1260 681 1300 744 ir.
1315 683 1483 748 XXXVIII.

292 811 405 875 Contra
425 809 506 873 libro
527 809 621 873 XXX.
650 825 690 870 ex
718 807 791 870 solis
815 805 978 888 dactylicis
1003 805 1145 868 versibus
1173 805 1361 886 compositus
1388 805 1485 871 luisse

291 932 426 996 videtur.
461 931 530 1009 Qua
545 948 584 994 ex
597 929 744 995 retacite
764 928 958 1008 intelligitur,
980 945 1075 1007 quam
1093 928 1248 990 lubricum
1260 928 1305 990 sit
1314 927 1348 990 io
1368 928 1486 992 Lucilio

291 1052 462 1126 iudicium
490 1069 591 1132 nequo
621 1051 703 1116 enim
733 1057 867 1114 metrum
900 1069 957 1131 pro
985 1057 1072 1114 corta
1099 1067 1210 1112 norma
1232 1056 1336 1130 potest
1361 1049 1484 1126 baberi,

291 1177 407 1258 quippe
430 1175 514 1255 quod
533 1175 635 1255 ipsum
656 1173 797 1254 plurimis
815 1173 849 1236 iu
873 1173 951 1236 locis
973 1174 1129 1235 incertum
1150 1174 1189 1234 sit
1201 1194 1210 1246 ;
1237 1183 1339 1251 noque
1360 1179 1487 1236 senteu-

291 1298 405 1362 ciarum
426 1314 464 1362 co
484 1304 532 1360 est
550 1297 647 1372 ratio,
668 1303 704 1359 ut
721 1296 796 1364 iode
815 1313 895 1358 uova
918 1296 1154 1359 adiumentaad
1174 1293 1271 1358 ve'rba
1292 1295 1486 1360 restituenda

291 1421 356 1502 peti
376 1420 505 1502 possint.
545 1419 692 1493 Accedit,
715 1418 798 1498 quod
817 1419 955 1498 ipsorum
974 1427 1137 1480 auctorum
1156 1435 1219 1480 non
1233 1435 1270 1480 ea
1291 1425 1339 1480 est
1352 1417 1486 1498 diligen-

292 1544 333 1606 tie
354 1550 448 1624 atquc
472 1541 595 1622 religio,
621 1549 659 1604 ut
670 1547 724 1605 aut
737 1540 905 1604 verborum
919 1540 1058 1602 ordinem
1067 1547 1127 1602 aut
1146 1541 1243 1620 ipsius
1263 1547 1375 1621 poetae
1387 1539 1486 1602 uerba

291 1666 395 1728 omnia
412 1664 540 1745 integre¹
555 1664 722 1728 retiuuiese
742 1662 873 1744 putendi
892 1663 964 1724 siut.
1007 1662 1098 1739 Quod
1117 1661 1214 1744 igitur
1234 1663 1274 1726 ab
1294 1662 1372 1727 aliis-
1385 1669 1417 1724 et
1436 1663 1487 1723 in·

290 1787 398 1869 pomis
423 1787 464 1854 eb
490 1787 667 1852 Hermanno
693 1786 818 1866 saepius
844 1785 1020 1849 felicissime
1048 1784 1167 1848 iactum
1196 1791 1259 1858 est,
1287 1791 1324 1846 ut
1338 1785 1486 1846 matrices

290 1911 376 1992 leges
398 1917 525 1972 secutus
544 1910 789 1974 cuonrandum
808 1910 977 1972 lectionum
1001 1907 1160 1988 farragine
1185 1907 1350 1988 pristinum
1371 1906 1487 1970 verbo·

289 2051 361 2094 rum
382 2031 515 2095 nitorem
534 2030 724 2105 restituerit,
752 2030 785 2093 id
815 2032 847 2091 in
873 2019 990 2092 Lucilio
1017 2031 1076 2092 hac
1097 2030 1137 2092 de
1158 2044 1250 2092 cauea
1267 2029 1376 2093 miuus
1397 2033 1486 2092 r'eeto

290 2151 359 2216 fieri
378 2159 498 2234 potest,
521 2152 605 2231 quod
625 2168 728 2230 neque
748 2152 884 2212 omnium
898 2161 1043 2214 versuum
1064 2152 1193 2214 metrice
1207 2152 1291 2214 ratio
1306 2151 1381 2212 satie
1400 2167 1486 2213 coms

290 2282 380 2364 perta
395 2281 458 2348 est,
476 2291 595 2353 neque,
618 2279 776 2352 quautam,
789 2273 849 2334 sibi
867 2274 1003 2336 Lucilius
1025 2274 1058 2334 in
1078 2274 1216 2354 ipsorum
1236 2288 1382 2336 versuum
1396 2289 1484 2336 com-

291 2397 443 2476 posidoue
455 2395 641 2475 permiserit,
658 2395 733 2456 satis
746 2401 883 2457 constet,
908 2395 1012 2472 Quare
1029 2411 1065 2458 ea
1083 2387 1283 2476 exscripsIsso
1298 2397 1373 2458 satis
1385 2395 1486 2458 habe-

290 2517 403 2591 bimus,
426 2533 506 2596 quae
527 2533 595 2602 uon,
613 2517 647 2580 iu
667 2517 760 2580 meris
782 2517 970 2580 coniecturis
993 2523 1168 2591 versantur,
1199 2516 1254 2579 scd
1281 2534 1320 2578 ex
1344 2517 1485 2597 ipsorum

290 2639 470 2715 verborum,
492 2642 517 2706 si
538 2640 664 2722 quidem
684 2659 742 2720 pro
759 2639 890 2720 integris
903 2637 1049 2702 habendo
1063 2644 1147 2714 suut,
1168 2638 1402 2718 compositione,
1423 2657 1483 2704 ue·

291 2764 426 2828 cessario
440 2763 544 2844 colligi
558 2775 649 2844 posse
664 2763 834 2826 videntur.=
856 2762 1103 2842 Primum-igitur
1115 2779 1147 2822 m
1158 2762 1191 2822 in
1212 2761 1274 2824 fine
1293 2762 1484 2842 syllabarum

290 2893 442 2966 sequente
462 2885 562 2948 vocali
582 2903 645 2948 ucu
663 2902 790 2964 semper
801 2884 940 2958 eliditur,
965 2884 1021 2947 scd
1040 2883 1209 2963 aliquoties»
1223 2883 1377 2946 retinetur
1390 2891 1484 2964 atque

290 3008 461 3086 corripitur
479 3006 539 3068 cfr.
555 3006 629 3068 m),
646 3007 671 3068 l.
685 3007 735 3069 it.
762 3005 893 3068 Irritclo
914 3022 1004 3092 ccccc
1024 2985 1114 3086 cuam
1137 3006 1336 3087 bombycum
1355 3008 1485 3086 plectae

290 3129 386 3201 dicit3
412 3128 456 3190 ito
480 3126 564 3188 enim
592 3126 760 3206 tegendum
787 3133 851 3201 est,
881 3126 964 3206 quod
991 3135 1086 3207 poeta
1108 3127 1148 3191 de
1167 3127 1309 3192 litterar
1334 3129 1482 3207 loquitur.

291 3248 349 3312 cir.
363 3249 484 3311 XXVII.
501 3251 549 3313 It.
570 3249 624 3312 ubi
638 3249 790 3312 odonarii
811 3249 962 3313 trochaici
976 3252 1151 3316 catalectici
1170 3259 1304 3314 metrum
1317 3267 1378 3312 uon
1393 3251 1485 3314 aliter

291 3378 431 3446 muctar,
450 3371 513 3434 ulei
535 3389 598 3434 uuo
619 3379 705 3436 certo
728 3373 797 3436 loco
818 3388 886 3436 occo
905 3373 968 3436 vim
980 3374 1126 3454 ,syllabae
1144 3372 1261 3437 retinet
1287 3380 1319 3436 et
1338 3389 1411 3435 cum
1430 3390 1482 3436 so-

288 3495 458 3574 queutibus
475 3513 539 3558 nou
561 3496 722 3560 coalescit
1095 3577 1098 3583 Ι

329 3618 407 3680 Gom
423 3591 529 3700 pacem
550 3627 631 3698 pcto,
655 3621 850 3700 complace,
871 3637 939 3682 com
959 3621 1036 3681 celeo
1054 3628 1086 3682 et
1105 3637 1172 3681 cum
1193 3621 1442 3699 appellomccm.

290 3738 355 3801 Cir.
375 3740 482 3801 lieret.
504 3741 535 3800 S.
557 3741 596 3800 II.
616 3741 645 3802 t.
667 3741 717 3801 27.
1335 3747 1339 3754 '

445 3861 712 3934 „Nuru‘vescoris
729 3861 806 3939 ista,
829 3879 924 3942 quam
945 3863 1055 3925 laudas
1074 3863 1204 3942 plumat
1275 3918 1279 3925 f
1373 3897 1378 3908 ι

445 3983 539 4044 cocto
559 3977 639 4044 Μ
657 3983 746 4047 adest
766 3984 868 4047 honor
885 3984 1001 4048 idem.''
1214 4053 1219 4058 q

290 4102 392 4179 Quem
411 4102 538 4184 quidem
549 4123 673 4170 versum
688 4106 823 4170 Orellius
841 4105 978 4172 barcob
992 4123 1059 4168 rem
1079 4108 1270 4170 Lucilianum
1291 4125 1360 4172 esse
1379 4113 1480 4190 putat.

291 4223 351 4286 cir.
372 4225 470 4288 Lucil
488 4225 601 4306 fragm.
616 4227 725 4292 XXVI.
740 4227 788 4290 tt.
829 4227 984 4307 Idemque·
1002 4227 1070 4292 lieri
1090 4245 1218 4294 necesse
1241 4236 1338 4306 esset,
1361 4230 1481 4314 syllaba
