3250 5136
301 421 350 478 tw
675 421 908 482 TESTIMONIA
926 421 1107 482 vuluntlll

777 573 860 632 idem
881 572 938 650 Ep.
959 571 1007 632 66.

299 692 347 754 63.
375 692 538 757 Mordetur
563 700 594 754 et
614 693 772 767 Lucilius,
797 694 883 776 quod
906 692 1118 773 incomposito
1140 697 1245 758 curret
1271 690 1353 772 pede
1375 698 1406 752 et
1433 696 1480 752 tu-

376 823 448 867 men
472 807 555 869 sales
579 807 647 868 eius
667 806 821 890 leposque
845 807 1024 869 laudantur.

624 979 713 1036 Auel,
737 977 777 1036 ad
800 978 931 1036 Hereum.
953 977 1009 1036 IV.
1036 977 1081 1036 li.
1105 977 1151 1037 l8.

300 1115 348 1176 ct.
377 1115 449 1190 Quo
463 1117 496 1178 in
510 1117 585 1178 vitio
608 1115 649 1197 [in
670 1116 838 1178 verborum
859 1113 1074 1194 traiectione),
1097 1122 1144 1176 est
1164 1115 1304 1178 Lucilius
1319 1116 1477 1189 assiduus,

377 1238 410 1290 ut
433 1231 494 1292 hoc
517 1231 616 1293 estin
633 1232 737 1308 priore
757 1230 850 1292 libro.

598 1401 697 1460 Sclaol.
722 1401 812 1478 Cruq.
835 1401 875 1459 ad
894 1400 969 1459 Hor.
992 1400 1030 1460 Α.
1052 1400 1088 1460 P.
1110 1400 1176 1460 258.
1295 1463 1297 1470 Α

299 1521 347 1584 65.
376 1522 503 1603 Pythias
522 1540 659 1602 persons
675 1522 804 1584 Comica
823 1521 856 1582 iu
877 1520 1044 1583 comoedia
1064 1520 1195 1595 Lucilii,
1219 1539 1301 1603 quoe
1320 1520 1481 1582 inducitur

375 1653 444 1717 per,
465 1637 598 1697 astutias
629 1636 775 1716 accipere
804 1641 968 1718 argentum
1000 1655 1019 1697 a
1048 1636 1177 1697 Simone
1201 1623 1330 1696 domino
1360 1653 1418 1697 suo
1446 1635 1479 1696 in

377 1749 482 1812 dotem
505 1750 590 1812 filiae
610 1751 677 1829 (ubi
699 1751 752 1811 alii
774 1751 901 1812 Caecilii
920 1749 1113 1827 emendant).

638 1921 704 1998 Cfr.
727 1921 838 1979 Aaron.
864 1920 905 1979 ad
928 1920 983 1980 tac.
1006 1920 1140 1978 eumdem.

297 2062 346 2123 66.
374 2063 486 2122 Aurius
512 2063 638 2141 Pythias
661 2080 744 2143 quse
772 2066 820 2122 est
843 2079 921 2122 ausa
946 2060 1058 2121 ludere
1085 2060 1248 2121 dominum
1272 2078 1374 2120 suum.
1390 2037 1392 2044 Ι
1409 2059 1481 2122 Nou

376 2177 454 2238 dicit
473 2177 513 2238 de
534 2175 643 2258 Pythis
667 2174 874 2248 Terentiana,
896 2173 953 2236 sed
970 2192 1052 2256 quae
1073 2174 1158 2255 apud
1179 2173 1336 2234 Lucilium
1355 2172 1480 2235 induci-

374 2297 424 2352 tur
438 2290 760 2373 tragoediographum
781 2289 899 2352 ancilla
918 2307 976 2369 per
998 2289 1129 2350 astutius
1151 2287 1297 2369 accipere
1313 2293 1480 2370 argentum

375 2408 415 2468 de
438 2375 578 2467 domino.
606 2405 684 2466 Nam
705 2403 818 2466 fefellit
837 2402 1011 2475 dominum,
1036 2409 1068 2463 et
1087 2403 1211 2483 accepit
1234 2402 1274 2464 ab
1295 2421 1334 2463 oo
1356 2402 1479 2484 argenti

373 2521 537 2584 talentum.
561 2519 620 2582 fuit
641 2520 724 2581 euim
746 2519 822 2580 haec
844 2517 956 2580 eudem
977 2516 1177 2577 meretricula
1190 2535 1302 2598 rapax,
1323 2523 1359 2578 ut
1380 2517 1477 2579 Thais

373 2655 454 2719 quae
475 2636 597 2698 lucrum
618 2635 704 2698 lacit.

395 2783 407 2813 ³
434 2807 582 2866 Auctuar.
607 2806 689 2876 Com.
712 2805 803 2882 Cruq.
824 2821 856 2880 p.
873 2803 941 2886 696.
958 2803 986 2862 6.
1008 2803 1049 2862 cci
1069 2803 1143 2863 Hor.
1166 2802 1211 2863 11.
1235 2803 1263 2861 i.
1288 2803 1349 2872 sc„

296 2945 346 3006 67.
370 2946 637 3022 circumspicimus
659 2960 786 3003 uacuam
807 2945 951 3003 Romanis
971 2943 1091 3004 actibus
1110 2943 1211 3004 aedem

373 3075 562 3137 „unapars
583 3056 734 3118 orationis
756 3061 803 3116 est
825 3055 923 3118 divisa
944 3058 976 3118 in
1002 3057 1081 3118 duos
1103 3075 1229 3130 versus,
1254 3056 1368 3118 Lucilii
1390 3075 1480 3118 more

374 3170 536 3253 antiquo.”

535 3300 627 3401 Vetas
647 3342 804 3419 interpres.
827 3342 868 3402 ad
889 3343 963 3402 Hor.
977 3343 1043 3420 Ep.
1066 3343 1091 3400 1.
1119 3342 1163 3404 m.
1186 3343 1233 3402 dt.

294 3488 342 3550 66.
371 3489 461 3548 iuvat
482 3491 691 3548 immemorata
710 3487 854 3567 foramem

371 3604 516 3680 luqeuuis
535 3603 687 3680 oculisque
708 3603 766 3684 teci
785 3602 983 3682 manibusque
1004 3607 1106 3664 teucri.

370 3761 392 3787 „
404 3715 473 3777 lloo
487 3717 537 3777 vel
551 3717 592 3778 ad
606 3716 831 3778 Archilochum
851 3717 986 3780 refertur
1006 3717 1104 3780 multa
1126 3718 1286 3779 obscoena
1305 3715 1476 3787 dicentem,

373 3829 456 3902 „vel
484 3829 525 3892 ad
551 3831 709 3892 Lucilium
734 3832 787 3912 qui
812 3852 913 3914 aeque
944 3831 1041 3893 multu
1073 3832 1221 3912 princeps
1251 3828 1303 3910 (ul.
1329 3830 1477 3908 deinceps)

372 3962 519 4024 „spurca
538 3946 748 4027 composuit.”

432 4191 433 4194 Ἴ
553 4118 750 4178 Cassiodorus
770 4119 805 4178 da
826 4118 1061 4196 orthographia.
1081 4137 1113 4197 p.
1130 4119 1216 4178 6285.

293 4239 341 4302 69.
371 4240 410 4315 Q.
433 4240 539 4301 littera
561 4244 634 4302 tunc
650 4246 735 4303 recte
756 4239 900 4320 ponitur,
923 4259 994 4302 cum
1014 4240 1061 4302 illi
1082 4241 1187 4303 statim
1209 4261 1231 4301 u
1253 4239 1356 4302 littera
1371 4243 1402 4299 ct
1416 4238 1480 4300 aliu

371 4353 534 4438 quaelibet
564 4374 626 4417 una
660 4355 807 4435 pluresve
838 4345 965 4416 vocsles
1000 4355 1186 4418 coniunctae
1213 4355 1347 4425 luerint,
1378 4353 1482 4415 itaut
