3274 5134
539 434 591 491 EX
615 433 834 494 sisinnium
856 433 997 494 LIB.1X.

252 581 407 652 Porrnul,
431 581 546 651 rom,
568 580 726 642 Lucrini:
750 581 813 642 boo
835 583 920 644 uniu’
941 581 1007 642 fiet.

252 696 321 758 iloc
342 713 408 756 rum
428 695 544 757 tactum
566 701 615 756 est
634 697 709 757 uni:
731 705 827 758 tenue
848 689 909 759 boo
929 697 1027 760 facies
1048 699 1073 758 l.

253 811 341 872 Haeo
362 827 452 872 inum
470 808 598 871 fecere:
622 810 767 885 adrieli,
789 817 825 872 ut
843 811 982 894 pinguiu'
1002 813 1066 874 fiat.

253 923 423 989 Mrrrvnsour
447 939 608 996 rouuroon
630 903 730 986 addes
751 926 796 999 E,
819 944 889 988 oum
913 926 987 990 dare
1007 945 1101 990 roem

250 1039 398 1100 lusseriS.
412 1073 447 1085 -
460 1073 493 1085 -

250 1153 358 1214 Mnrnn
373 1153 554 1226 bominum,
571 1154 779 1228 duwo‘unmrs,
798 1156 876 1217 item
890 1156 965 1218 buie
979 1161 1117 1240 utroque
1131 1160 1218 1239 opn’,
1237 1176 1366 1232 burnus,

248 1267 446 1332 Mrrnrrrau:
471 1274 583 1330 tenues
605 1269 636 1341 l,
659 1261 758 1331 smair
776 1289 838 1351 qua
859 1269 1000 1343 ludimu',
1024 1289 1122 1334 amun

180 1545 286 1604 minime,
312 1545 370 1593 liar.
392 1542 509 1593 victorin.
528 1505 646 1607 pribbt.
666 1544 757 1608 quide
796 1544 914 1594 erederet.
942 1525 1052 1608 Denique
1069 1550 1096 1596 et
1111 1549 1136 1596 iu
1151 1548 1213 1599 libro
1232 1553 1318 1612 quarn
1335 1553 1369 1602 sic

179 1633 348 1695 orthographia
365 1633 528 1696 seripserunt,
548 1631 579 1680 de
595 1627 661 1682 nulla
678 1635 756 1695 serip-
793 1634 836 1683 aii.
854 1639 929 1682 Porro
945 1635 988 1682 boo
1004 1633 1135 1692 fitto'beoi
1150 1637 1198 1686 ete.
1215 1637 1250 1687 ita
1269 1641 1366 1692 Putsob.
1416 1659 1422 1672 ·
1483 1659 1488 1667 ·

121 1717 124 1724 '
163 1723 233 1770 *tura
256 1722 307 1770 tam
328 1719 372 1770 diu
395 1733 467 1782 quem
489 1722 522 1770 vie
547 1721 592 1770 beo
617 1724 755 1784 quaeruut3
792 1720 836 1768 seu
863 1722 889 1768 in
911 1720 971 1770 cod.
996 1734 1034 1782 ap.
1059 1722 1132 1775 Lini.
1156 1725 1220 1774 ttrite
1247 1730 1309 1788 „sic
1336 1733 1368 1778 orl

171 1823 241 1871 ,quae
258 1823 302 1870 per
320 1811 330 1857 i
347 1809 452 1860 litteram
469 1809 615 1870 singularem
625 1809 757 1870 genitivum
787 1820 864 1868 porro
887 1809 930 1856 boo
938 1840 1016 1859 .....
1045 1823 1099 1858 enm
1124 1811 1209 1874 fecem
1235 1814 1323 1864 collum
1352 1831 1368 1866 a

179 1897 205 1944 et
223 1909 284 1958 quae
302 1910 345 1959 per
363 1898 386 1945 ei
402 1896 497 1946 litteras
508 1896 682 1948 nominativum
699 1897 756 1959 plu·
789 1895 896 1945 Cornelii
924 1895 1079 1959 Cornificique
1107 1903 1131 1948 ot
1153 1898 1230 1960 paolo
1256 1906 1370 1961 post...t
1392 1924 1398 1933 ·

179 1985 254 2033 talem
271 1985 378 2046 taciaut3
405 1985 479 2033 locuti
501 1985 588 2046 partim
601 1985 698 2047 ‘acum
729 1987 758 2035 ut
788 1985 859 2043 pueri
882 1985 950 2032 lucit
973 1985 1015 2033 boo
1038 1987 1112 2037 notas
1134 1987 1209 2048 firri”
1231 2003 1293 2051 quae
1316 1983 1368 2041 sine

178 2073 238 2121 mibi
262 2072 361 2134 guidem
385 2072 499 2134 videtum
528 2069 647 2139 (partim)
675 2071 762 2136 inepte
790 2071 930 2122 melioribus
955 2074 1024 2122 libris
1049 2075 1174 2124 emendari
1201 2077 1243 2126 vix
1266 2081 1368 2140 possunt

176 2161 237 2210 illud
263 2163 335 2224 atque
364 2161 436 2210 etiam
461 2161 583 2222 ridiculeg
614 2175 671 2211 nem
697 2163 758 2212 mibi
788 2161 883 2210 nedum
900 2175 985 2211 versus
1002 2163 1113 2225 restitui,
1140 2164 1183 2227 qni
1205 2179 1255 2215 nou
1279 2167 1368 2229 integri

177 2250 296 2314 quaedam
308 2251 467 2300 succurrunt:
483 2249 562 2298 Pilum
573 2251 641 2302 nunt
651 2251 756 2302 militare
787 2248 927 2303 laudantur.
947 2251 979 2300 de
995 2252 1114 2322 scriptura
1128 2255 1211 2313 parret
1231 2254 1276 2306 etr.
1297 2257 1367 2318 spul-

176 2340 200 2392 et
222 2340 334 2398 otorano,
361 2339 382 2388 st
406 2338 439 2387 sit
465 2338 550 2388 subter
572 2351 645 2400 quarn
662 2337 757 2388 'milites
788 2337 845 2400 ding
869 2339 901 2388 ad
923 2339 1033 2404 Quinctii
1058 2340 1076 2388 l.
1099 2341 1118 2389 1.
1150 2341 1367 2396 emortualem

176 2439 286 2489 aggerem
302 2426 448 2489 instituunt,
469 2427 495 2476 et
511 2427 584 2476 sieom
600 2439 662 2490 quae
680 2430 754 2490 secat,
786 2428 892 2476 Domae.
915 2426 946 2478 de
961 2427 1031 2479 meite
1048 2428 1094 2480 etr.
1114 2431 1253 2483 Schneider.
1270 2446 1307 2494 gr.
1320 2435 1364 2484 lat.

177 2516 203 2564 et
220 2515 299 2566 ilicem
315 2528 360 2576 per
371 2527 384 2564 e
394 2515 440 2564 eti
452 2515 578 2564 scribenda
592 2515 642 2576 (ita
658 2516 755 2565 emend.
787 2527 813 2575 p.
827 2515 887 2563 otu.
904 2517 972 2576 prius
989 2518 1060 2566 nida
1078 2519 1191 2580 scaligeri
1207 2521 1245 2570 est
1268 2523 1365 2573 coniec-

176 2603 246 2654 Sebn.
265 2617 302 2664 gr.
321 2604 339 2650 l.
357 2605 378 2652 1.
397 2617 423 2663 p.
441 2602 484 2650 68.
501 2603 567 2666 not.)
595 2604 622 2651 at
638 2603 659 2654 si
678 2602 757 2664 pilum
787 2601 859 2664 iure,
878 2603 923 2652 sed
937 2603 1031 2654 hiatum
1042 2605 1143 2654 oonsilio
1155 2607 1283 2661 retinuisse
1295 2610 1365 2660 vitle-

178 2691 209 2738 sit
235 2703 283 2751 quo
310 2690 442 2751 pinsitores
465 2690 584 2757 utuntur,
617 2692 644 2739 et
672 2691 755 2750 omen,
787 2689 829 2736 tur
852 2691 933 2750 poeta.
961 2691 988 2742 iu
1011 2703 1084 2740 versu
1109 2692 1178 2742 sexto
1203 2695 1269 2750 bend
1294 2696 1366 2748 dubie

175 2791 236 2840 qaue
248 2779 301 2826 ruri
312 2777 409 2837 colitur,
424 2777 450 2824 et
469 2775 560 2838 [fitorio
572 2789 616 2838 per
628 2775 659 2840 i.]
678 2780 757 2828 Verba
787 2778 896 2834 modoet
914 2777 1010 2839 Move
1029 2778 1197 2842 scribentium,
1220 2783 1301 2842 quiae
1315 2797 1365 2836 non
1472 2802 1473 2805 ¹

176 2867 203 2916 ot
219 2853 380 2924 talebuntis
396 2863 482 2913 inclusi
499 2865 564 2926 quod
581 2865 611 2914 ab
623 2865 758 2929 interprete
788 2866 837 2914 iam
854 2866 990 2928 appositum
1012 2879 1065 2916 esse
1084 2859 1188 2930 statuit,
1212 2868 1255 2923 sed
1277 2874 1365 2933 apponi

178 2954 293 3004 vitientur
310 2951 403 3002 adiecta
421 2965 488 3014 esse,
507 2951 581 3015 idque
598 2955 756 3009 alienoloeo.
787 2953 849 3004 vult.
880 2955 991 3012 ceterum
1019 2955 1107 3006 similia
1142 2957 1226 3009 docuit
1258 2960 1384 3021 Niffl'dius·

177 3055 240 3092 naunv
250 3042 375 3104 pertinent
392 3041 424 3092 ab
440 3043 525 3103 pilum.
543 3042 575 3090 ot.
595 3045 625 3092 G.
643 3043 754 3097 Sobueiel.
787 3041 892 3104 Figulus.
899 3044 962 3096 Geli.
978 3044 1022 3092 lib.
1035 3045 1099 3094 Xlll.
1113 3044 1156 3094 io.

176 3131 243 3182 (loni.
262 3126 294 3180 ab
311 3131 426 3180 catonem
444 3129 474 3178 de
491 3131 521 3178 ll.
533 3132 564 3179 ll.
577 3132 609 3180 x.
622 3131 646 3182 b.
822 3133 933 3203 lamgqoi
948 3133 1084 3193 sequuntur
1101 3133 1168 3196 apud
1184 3137 1290 3187 Doumm
1306 3151 1363 3188 ver-

209 3220 307 3269 eberis:
322 3233 348 3282 p.
364 3219 406 3270 60.
425 3221 454 3269 Ρ.
473 3233 498 3280 p.
518 3219 550 3266 ib
569 3220 598 3268 b.
627 3221 754 3283 ·„Lueius,
786 3231 841 3280 sus,
861 3231 903 3268 eos
920 3221 999 3270 ovillos
1010 3235 1070 3272 ‚esse
1087 3221 1156 3274 taoile
1172 3226 1274 3289 qunque
1291 3228 1364 3277 intel-

175 3309 290 3358 bemilius
312 3309 337 3358 et
364 3308 458 3358 caetera
475 3309 600 3368 nomina,v
614 3321 676 3369 quae
699 3309 756 3358 aute
785 3306 859 3370 ligat,
886 3309 976 3370 quippe
1003 3323 1117 3383 quorum
1132 3313 1214 3373 partes
1237 3327 1269 3363 ex
1291 3317 1362 3377 plane

177 3399 197 3446 li
214 3398 328 3446 babenti
337 3397 428 3458 duplici
445 3398 471 3446 11
487 3395 605 3457 genitivos
624 3396 755 3456 singulares
768 3392 773 3408 ”
786 3393 888 3450 diversis
904 3396 973 3446 libris
983 3399 1159 3448 consarcinatae
1177 3401 1235 3450 sint.
1252 3402 1363 3452 sedeunt

174 3484 245 3533 linire
271 3483 375 3544 debent,
400 3486 429 3533 ut
453 3497 554 3535 neeesse
580 3483 622 3533 site
640 3483 755 3534 alvernis
785 3483 900 3546 codices,
926 3485 1068 3545 exquibus
1094 3487 1180 3540 noum
1201 3499 1245 3536 sua
1271 3489 1360 3552 bausit,

175 3571 376 3632 observationem,
400 3573 548 3625 nominativo
566 3584 616 3621 non
635 3573 754 3622 minorem
783 3584 835 3619 non
851 3571 910 3620 sutis
928 3572 990 3620 serti
1006 3572 1069 3634 sint,
1092 3585 1124 3622 ue
1140 3573 1172 3622 de
1189 3573 1288 3635 singulis
1303 3579 1361 3639 qui-

176 3659 229 3708 fleri
263 3658 408 3722 genitivum,
439 3659 511 3721 idque
539 3661 616 3710 Varro
645 3660 753 3722 trudeus,
785 3659 841 3708 dem
867 3659 942 3710 statui
971 3661 1059 3722 potest.
1088 3662 1157 3711 'leste
1182 3663 1247 3711 enim
1268 3665 1360 3715 Linde-

174 3745 310 3796 vooativom
328 3747 472 3808 singularem
489 3761 586 3812 quoque
603 3749 688 3798 talium
704 3763 753 3797 no·
784 3760 872 3798 manno
886 3743 916 3810 'p.
929 3749 970 3800 ob.
993 3749 1057 3810 opud
1074 3749 1228 3818 cbarisiid.
1242 3755 1319 3815 prino.
1336 3758 1361 3806 et

174 3836 267 3884 minum
283 3847 328 3895 per
345 3834 434 3897 duplex
451 3839 473 3885 11
490 3838 561 3886 scribi
578 3838 681 3899 debere,
710 3839 753 3888 sed
783 3837 869 3886 lubrie.
887 3838 1361 3902 lotuslorussielegitur.1‚,iiteuim

173 3924 274 3986 propter
291 3920 451 3970 differentiam
468 3937 565 3975 casuum
581 3925 678 3988 corripi.
700 3927 752 3974 bu·
783 3925 894 3974 sorvsudi
918 3926 1013 3974 numeri
1039 3939 1167 3976 numerum
1191 3941 1358 3982 servemus...

173 4013 243 4060 eiltus
260 4012 340 4060 tamen
358 4011 385 4058 et
401 4022 445 4072 per
462 4025 538 4060 unum
562 4016 572 4061 l
596 4015 622 4062 iu
644 4014 752 4074 genitivo
783 4025 860 4076 quae3
879 4026 1002 4075 numquam
1013 4015 1078 4064 enim
1094 4015 1141 4064 boc
1157 4017 1291 4080 intulisset,
1313 4019 1359 4068 uisi

175 4101 248 4149 scribi
271 4111 342 4162 posse
365 4098 506 4160 existimatg
536 4101 569 4148 ait
590 4102 672 4150 enim:
698 4104 752 4154 Ser-
783 4102 809 4150 et
833 4113 961 4150 numerum
991 4116 1034 4163 per
1062 4104 1071 4151 i
1096 4103 1221 4156 buius...
1257 4105 1360 4158 faciendi

174 4189 248 4237 aonii
273 4187 371 4238 nomm
395 4189 528 4236 ot'orreae
553 4189 600 4236 etc.
628 4201 752 4252 nonnam
783 4189 902 4241 crederet.
930 4190 1076 4260 deniqueet
1099 4191 1127 4240 iu
1149 4193 1213 4242 libro
1229 4193 1285 4244 lv.”
1308 4195 1356 4244 ete.

174 4275 238 4324 onim
255 4277 301 4326 boc
320 4275 443 4326 intulisset
460 4275 508 4324 nisi
524 4275 550 4324 et
567 4277 640 4325 Caelii
657 4279 682 4326 et
697 4281 750 4328 ltu-
782 4292 846 4342 quae
870 4270 920 4332 u'on
942 4279 1015 4328 buius
1031 4279 1077 4330 loei
1094 4282 1167 4341 suut;
1194 4280 1259 4330 unde
1275 4284 1357 4334 Douaa

174 4365 235 4412 meri
265 4377 309 4426 per
337 4369 359 4414 ll
387 4363 460 4416 buius
486 4364 585 4416 Numeri
613 4365 751 4418 taciendam
781 4367 826 4423 bos
843 4379 926 4418 versus
937 4368 1094 4430 rumpunt:
