3286 5126
490 465 764 526 numeruntur
786 466 1015 526 excolimus.
1278 488 1349 530 cml

158 617 301 673 exortum
324 619 388 687 est,
417 629 497 692 quae
516 613 663 692 impletae
682 595 790 676 modis
802 621 925 676 saturae
942 614 1026 694 apud
1049 614 1178 678 Livium
1191 615 1348 682 dicemur.

78 712 82 720 ¹
114 752 118 764 ·
156 733 220 796 Sed
232 751 304 795 cum
317 735 421 797 Livius
434 733 630 798 Andronicus
642 737 762 816 primus
775 737 910 799 Graecas
924 737 1082 800 docuisset·
1093 736 1225 814 tabulas,
1242 739 1350 802 ludus·
1461 763 1465 770 ¹

159 869 220 935 quc
243 858 278 917 in
304 864 402 920 artem
425 857 586 932 vertisset,
612 859 759 921 iuventus
784 861 945 934 Romana,
966 878 1006 922 ne
1030 861 1166 939 patrium
1193 861 1349 924 ludicrum

157 981 293 1060 periret,
315 981 428 1042 iterum
451 981 491 1042 ad
512 952 673 1060 antiquum
691 981 866 1044 institutum
886 981 1000 1055 rediit;
1027 999 1107 1063 quae
1127 981 1252 1063 quidem
1273 984 1350 1046 ridi·
1401 1058 1405 1062 ,

158 1103 230 1164 cula
252 1102 394 1165 versibus
417 1101 556 1179 intona,
585 1111 693 1184 postea
715 1105 827 1166 exodia
857 1107 1014 1185 appellata
1039 1113 1071 1167 et
1097 1113 1226 1186 propter
1251 1124 1347 1188 argu-

157 1225 255 1287 menti
283 1225 515 1288 similitudinem
544 1233 687 1288 conserta
717 1227 839 1289 labellis
869 1228 1060 1306 potissimum
1087 1228 1236 1290 Atellanis
1265 1237 1347 1292 sunt.

157 1349 245 1410 Unde
264 1347 450 1430 intelligitur
470 1357 502 1411 et
520 1351 654 1430 priscam
672 1351 757 1412 illam
777 1353 917 1414 Saturam
939 1359 971 1414 et
992 1351 1103 1414 exodia
1125 1351 1166 1414 ad
1191 1353 1347 1416 scenicum

158 1471 259 1550 poesis
279 1489 377 1552 genus
399 1489 467 1534 esse
487 1473 654 1536 referenda
675 1481 707 1536 et
725 1474 758 1536 id
779 1478 898 1536 tantum
913 1473 1099 1538 discriminis
1110 1475 1231 1550 inesse,
1253 1475 1348 1560 quod,
1432 1484 1435 1490 ’

157 1594 211 1672 qui
229 1611 337 1656 versus
355 1593 425 1657 illos
446 1613 485 1657 ex
509 1602 648 1675 tempore
669 1595 860 1672 fundebant,
889 1615 951 1659 non
977 1615 1074 1660 unum
1101 1567 1226 1677 aliuuod
1252 1615 1349 1680 argu·

157 1722 296 1778 mentum
326 1705 540 1791 illustrabant,
578 1716 633 1779 sed
667 1718 851 1780 varietatem
881 1718 1066 1798 spectabant
1094 1727 1187 1810 atque
1217 1720 1349 1783 ridicula

157 1839 336 1918 captabant.
379 1841 422 1900 Ex
442 1855 503 1919 quo
520 1855 637 1919 genere
657 1840 774 1908 Ennius
794 1846 826 1900 et
842 1841 995 1902 Pacuvius
1013 1840 1194 1904 varietatem
1215 1843 1348 1906 maxime

156 1961 322 2040 sumpsisse
336 1962 387 2023 vel
406 1963 509 2040 potius
523 1961 698 2036 retinuisse,
720 1961 775 2024 sed
797 1968 828 2023 et
846 1963 879 2022 in
900 1963 1090 2042 argumentis
1104 1969 1136 2025 et
1154 1963 1187 2024 in
1202 1964 1349 2027 orationis

156 2081 257 2142 iorma
286 2083 382 2144 multo
408 2075 536 2164 propius
558 2083 599 2146 ad
628 2084 766 2145 carmina
792 2083 947 2148 diductius
967 2085 1155 2147 Graecorum
1181 2088 1348 2151 accessisse

155 2201 312 2266 videntur.
364 2237 367 2242 ·

237 2327 306 2404 Qno
333 2326 458 2406 quidem
486 2327 602 2390 iactum
633 2334 697 2402 est,
735 2335 770 2389 ut
796 2329 894 2391 omnis
914 2330 975 2391 ¹illa
1001 2333 1170 2394 vernacula
1199 2331 1349 2396 festivitas

157 2451 368 2526 expelleretur
394 2458 426 2512 et
452 2457 550 2513 totum
566 2451 639 2514 boc
658 2469 757 2532 genus
782 2453 879 2514 multo
905 2454 1003 2534 magis
1030 2451 1208 2517 homiuibus
1230 2455 1348 2518 Graece

156 2569 256 2633 doctis
298 2589 391 2651 quam
431 2575 589 2634 tunicato
609 2575 733 2654 popello
766 2575 962 2654 probaretur.
1014 2577 1149 2638 Lucilius
1180 2579 1276 2658 igitur
1308 2579 1348 2640 ad

158 2695 334 2773 exemplum
355 2695 524 2756 iuventutis
539 2697 711 2769 Romanae,
731 2712 812 2774 quae
825 2698 960 2776 patrium
972 2696 1080 2758 ludum
1094 2698 1134 2762 ab
1146 2695 1349 2762 histrionibus

156 2816 253 2896 pollui
280 2833 343 2876 non
372 2833 462 2896 passa
491 2825 555 2892 est,
584 2817 744 2897 antiquam
763 2818 905 2879 Saturam
932 2836 950 2879 a
977 2819 1098 2880 Graeca
1118 2818 1299 2882 *eruditione
1317 2831 1349 2883 et

155 2946 225 3000 arte
246 2938 286 3001 ad
306 2939 447 3000 italicum
466 2942 605 3021 leporem
619 2940 793 3016 revocavit,
815 2948 857 3017 ct,
878 2941 932 3020 qui
946 2941 1018 3002 olim
1034 2959 1073 3004 ex
1085 2949 1227 3023 ternpore
1239 2959 1348 3006 versus

157 3059 382 3138 tundebantur,
405 3049 457 3126 eos
476 3063 594 3144 primus
616 3063 729 3131 litteris
748 3063 934 3140 custodivit,
954 3065 999 3126 ita
1017 3071 1052 3127 ut
1072 3073 1104 3128 et
1118 3067 1302 3130 varietatem
1315 3077 1349 3130 et

158 3187 399 3266 extemporalem
413 3185 497 3250 illam
510 3185 690 3249 facultatem
703 3187 755 3250 vel
767 3187 800 3248 in
815 3186 1004 3250 carminibus
1018 3187 1217 3268 exprimeret,
1232 3191 1348 3270 quippe

157 3309 211 3387 qul
236 3309 269 3369 in
294 3307 372 3370 hora
398 3325 492 3390 saepe
521 3311 673 3372 ducentos
698 3323 807 3374 versus
830 3309 981 3386 dictaret,
1009 3319 1095 3374 stans
1116 3313 1199 3392 pede
1220 3314 1253 3374 iu
1274 3329 1346 3388 uno,

157 3437 189 3493 et
209 3431 341 3512 piurima
355 3440 387 3495 et
400 3431 523 3496 diversa
541 3433 573 3494 in
588 3433 698 3495 eodem
717 3433 799 3495 libro
813 3435 1084 3513 complecteretur,
1101 3421 1290 3512 scurrasque
1308 3435 1349 3494 ad

156 3553 333 3618 tabularum
360 3561 553 3638 argumenta·
569 3561 780 3636 componeret.
822 3558 931 3635 ltaque
957 3573 1019 3618 nou
1045 3557 1143 3618 solum
1170 3555 1348 3624 libertatem

155 3677 278 3759 priscae
301 3679 480 3742 comoediae
504 3679 673 3760 expressit,
701 3677 755 3741 sed
786 3679 887 3742 etiam'
905 3697 944 3741 ex
974 3685 1042 3741 arte
1069 3678 1190 3742 ludicra
1215 3679 1348 3760 plurima

155 3799 305 3862 orationis
332 3801 510 3864 adiumenta
536 3803 654 3876 hausit,
689 3801 733 3864 ita
762 3809 797 3864 ut
823 3803 891 3882 ipse
918 3801 1079 3878 Horatius,
1108 3801 1191 3865 illius
1210 3804 1349 3884 vestigiis

155 3924 333 4002 ingressus,
360 3925 483 4003 saepius
510 3945 572 3988 non
592 3927 635 3988 ita
655 3927 786 3988 multum
806 3943 824 3988 a
844 3921 1020 3988 fabularum
1040 3924 1188 3988 diverbiis
1207 3921 1347 3988 recedat.
1458 3961 1464 3970 -

156 4044 244 4108 Unde
266 4043 548 4112 reete'Venusinus
567 4057 678 4130 poeta,
701 4067 772 4115 cum
792 4049 923 4130 Eupolin
938 4055 1031 4128 atque
1053 4049 1212 4114 Cratinum
1233 4049 1348 4112 Aristo·

157 4165 353 4250 phanemque
373 4182 659 4247 commemorasset,
685 4173 823 4236 indicat:

268 4263 274 4272 ἱ
311 4291 390 4355 liinu
411 4292 511 4354 omnis
531 4293 649 4372 pendet
671 4297 823 4371 Lucilius,
845 4296 940 4358 hosce
960 4301 1096 4370 secutus,

220 4437 225 4442 ·
310 4417 435 4480 Mutatio
454 4423 575 4478 tautum
596 4417 730 4497 pedibus
748 4419 947 4498 numerisque
967 4417 1099 4482 facetus.

194 4539 269 4585 neem
284 4540 356 4595 mea.
1097 4542 1119 4601 a
