3286 5126
434 387 438 394 ⁶
509 427 631 488 uarro
649 425 787 488 nourr
804 427 1039 492 succursu.
1139 449 1141 452 ·
1271 447 1373 489 eaxan

180 575 276 642 lodus
291 574 324 639 in
339 579 439 639 arteni
452 580 564 636 nutat
589 574 656 636 ,sed
673 575 819 637 ,versibus
840 575 968 637 alteruis
987 574 1195 648 contendere,
1216 581 1251 636 ut
1264 565 1374 642 etism·

179 715 268 771 num,
288 698 333 760 ita
344 697 458 778 priscis
469 698 530 760 iilis
541 697 692 778 temporis
706 698 800 762 moris
812 697 845 760 in
859 697 945 760 ttaiia
960 696 1054 760 inisse
1067 695 1199 760 uidetur.
1214 698 1273 759 cir.
1282 698 1372 778 Virp

181 821 288 901 Eciog.
308 821 360 883 tu.
376 819 425 882 os.
466 819 606 882 Alternis
619 820 732 883 dicetis
744 839 753 892 3
779 827 884 883 aurant
908 821 1027 882 alterna
1049 799 1211 884 (lanienae.
1234 821 1300 882 vu.
1324 821 1371 882 ts

182 942 317 1007 Alternis
335 941 432 1021 igitur
456 941 647 1004 contendere
668 942 813 1004 versibus·
833 942 923 1003 ambo
937 957 1091 1021 coepere;
1114 943 1249 1004 alternos
1265 939 1373 1004 idaeae

181 1063 356 1132 meminisse
375 1061 533 1128 volebant.
548 1061 681 1128 Theucr.
697 1065 776 1127 vlu.
792 1063 827 1126 dt
842 1084 850 1137 ς
871 1061 1054 1148 ταῦταμὲν
1067 1060 1169 1129 aaut
1182 1059 1375 1144 ἀμοιβαίων

176 1188 218 1255 -oi
243 1183 368 1266 παῖδες
393 1184 530 1252 ἄεισαν.
561 1187 623 1253 Οᾱ.
644 1183 752 1250 XXtV.
775 1189 823 1250 60.
854 1183 1032 1254 Maeotica
1050 1181 1082 1250 δ’
1101 1183 1217 1254 ἄειδον
1235 1183 1375 1271 ἀμειβό-

181 1331 283 1394 μεναι
305 1307 366 1375 ὀπὶ
386 1309 488 1391 καλή.
526 1310 589 1372 laur
608 1327 685 1390 quos
706 1311 851 1373 Horatius
871 1327 979 1373 versus
999 1309 1206 1374 Fescenninos
1226 1309 1319 1383 dicit,
1334 1309 1373 1372 in

181 1433 220 1496 iis
239 1438 357 1495 cerum
380 1431 536 1512 quandam
556 1432 754 1506 dicacitatem
775 1440 881 1508 notat,
914 1450 995 1512 quae
1013 1433 1156 1499 versibus
1175 1430 1303 1494 alternis
1315 1435 1375 1494 ‚at-

182 1553 428 1633 qucincouditis
447 1555 596 1617 iocularia
618 1555 776 1618 tunderet.
814 1557 902 1634 Quae
919 1555 1046 1636 quidem
1066 1555 1168 1636 poesis
1188 1557 1267 1618 ratic
1280 1570 1374 1634 quatu

184 1679 296 1744 usitata
318 1678 466 1742 Romanis
485 1678 609 1742 rusticis
628 1678 743 1752 inerit,
771 1697 810 1744 er
827 1679 932 1740 multis
951 1679 1137 1758 scriptorum
1157 1679 1234 1739 locis
1258 1676 1376 1740 intuiti,-

182 1800 277 1880 gitur.
294 1800 353 1864 cir.
370 1801 442 1862 tior.
459 1801 490 1863 S.
507 1802 530 1862 Ι.
546 1800 575 1862 d.
591 1801 630 1862 di
639 1821 648 1872 ;
662 1803 687 1864 t.
704 1802 732 1861 7.
748 1801 797 1862 id.
821 1801 922 1874 „Tam
935 1801 1156 1869 Prienestinus
1171 1801 1249 1863 saiso
1263 1803 1376 1863 mutto-

183 1937 243 2002 que
263 1923 375 1987 fluenti
397 1909 550 2002 Expressa
573 1921 701 1988 arbusto
727 1922 845 2002 regerit
864 1921 1021 1996 convicia,
1051 1921 1375 1990 durus-vindemiator

183 2049 216 2108 et
248 2044 399 2118 invictus,
431 2045 482 2106 cui
511 2061 605 2125 saepe
635 2045 736 2108 viatur
765 2047 908 2111 cessisset
937 2061 1049 2127 magna
1079 2046 1268 2126 compellans
1297 2057 1375 2110 noce

182 2168 340 2243 nocuum,
361 2168 401 2230 dt
422 2169 570 2243 Graecus,
592 2175 760 2252 postquam-
775 2176 827 2233 est·
843 2171 922 2233 italo
938 2168 1083 2250 pertusus
1103 2168 1212 2234 aceto''
1232 2175 1294 2232 etc.
1314 2168 1372 2230 cir.

183 2290 247 2358 Liv.
263 2291 329 2352 vu.
344 2291 374 2352 i.
390 2293 419 2356 7.
442 2293 658 2366 ‚AEescenninc
679 2311 774 2357 uersu
789 2292 927 2355 siurim.
939 2291 1179 2374 inconpositum
1198 2299 1317 2356 temere
1330 2309 1374 2354 xac

182 2412 293 2479 rudem
308 2414 441 2478 alternis
456 2415 665 2491 -iaciehaut.’'-
691 2415 867 2494 Eademque
886 2417 969 2480 ratio¹
988 2416 1047 2477 tuit
1068 2416 1207 2478 iocorum
1222 2432 1298 2494 quos
1317 2415 1376 2478 miv
1488 2405 1493 2416 ⁸

184 2536 257 2598 litas
275 2536 308 2598 iu
338 2535 504 2618 triumphis
529 2537 724 2624 iactitabant.
759 2539 817 2603 cfr.
845 2539 925 2601 Plin.
947 2541 985 2602 ii.
1001 2541 1038 2600 N.
1059 2540 1141 2601 XiX.
1159 2540 1208 2601 tr.
1221 2545 1253 2605 5.
1278 2540 1377 2615 „Diei

186 2659 256 2720 tulii
269 2659 462 2720 carminibus
480 2660 650 2740 praecipue
671 2661 810 2739 iocisque
825 2661 1019 2722 ¹militaribus
1036 2661 1250 2734 celebratum
1277 2661 1374 2724 alter·

189 2779 238 2840 uis
258 2779 375 2860 quippe
387 2781 528 2844 versibus
549 2781 811 2862 exprobravere.''
831 2783 889 2844 cir.
905 2783 969 2844 Liv.
986 2783 1036 2845 tv.
1052 2781 1103 2843 diis
1132 2784 1264 2844 Tantum
1283 2783 1379 2863 igitur

187 2902 273 2982 apud
292 2903 448 2978 Romanos
466 2902 640 2966 dicacitatis
670 2904 730 2966 init
754 2905 911 2979 studium,
938 2911 973 2966 ut
998 2906 1030 2966 in
1056 2905 1131 2986 ipsis
1150 2904 1294 2966 laudibus
1315 2904 1376 2966 iru—

184 3031 365 3105 paratorum
391 3025 541 3092 canendis
563 3027 636 3097 risu·
658 3026 797 3107 iocisque
823 3027 930 3092 solutis
953 3045 1016 3089 non
1041 3027 1249 3103 abstinerent,
1276 3025 1321 3090 ita
1341 3035 1376 3090 ut

184 3145 427 3228 triumphantes,
460 3163 531 3210 cunr
548 3149 600 3212 ‘ad
629 3149 713 3230 ipsos
744 3149 818 3213 deos
848 3150 949 3212 evecti
983 3167 1051 3212 esse
1084 3149 1144 3212 sibi
1180 3150 1373 3228 viderentur,

183 3270 355 3335 uanitate
377 3271 611 3352 ,obiurgationis
644 3272 824 3353 tragilitatis·
858 3271 1064 3336 humanarum
1093 3290 1198 3336 rerum
1219 3273 1377 3338 admone·

185 3400 304 3456 rentur.
344 3393 436 3473 Quod
457 3394 582 3474 quidem
603 3403 666 3458 tam
685 3395 892 3458 inveteratum
914 3395 976 3459 tuit
996 3399 1204 3458 Romanorum
1226 3395 1372 3468 moribus,

184 3517 306 3580 utcius
332 3517 378 3578 rei
404 3519 436 3578 in
465 3517 954 3584 uob.sx11.‡msnti0tactasu.
984 3517 1043 3578 cir.
1066 3518 1139 3578 tior.
1161 3519 1192 3578 S.
1215 3518 1252 3578 u.
1276 3518 1304 3578 t.
1320 3517 1375 3580 di.

184 3641 248 3716 „si
267 3643 347 3702 mala
367 3640 544 3702 condiderit
562 3641 600 3700 in
616 3657 708 3720 quem
729 3639 797 3718 quis
819 3639 976 3711 ceruina,
998 3641 1046 3701 ius
1066 3646 1113 3700 cst
1133 3638 1376 3719 iudiciumque.”

186 3762 250 3825 Cic.
272 3763 357 3841 itisp.
379 3763 471 3826 Tuec.
494 3765 543 3825 iV.
564 3765 595 3826 i
618 3765 648 3824 t.
670 3763 891 3842 „Quanquam
911 3761 943 3824 id
965 3761 1093 3841 quidem
1118 3762 1212 3824 ctiam
1239 3763 1306 3824 ΧΠ.
1323 3769 1377 3824 ta·

183 3886 276 3948 bulas
297 3884 474 3960 declarant,
506 3887 599 3950 condi
626 3884 688 3948 iam
713 3892 778 3950 tum
800 3887 929 3948 sciitum
956 3903 1024 3947 esse
1049 3901 1197 3958 carmcu3
1227 3883 1312 3964 quod*
1336 3903 1376 3948 ne

182 4008 294 4070 liceret
308 4006 376 4070 ieri
389 4007 430 4069 ad
450 4007 577 4072 alterins
596 4010 753 4084 iniuriam,
766 4011 845 4090 „lege
866 4008 1067 4070 sanxerunt.’·'
1088 4007 1159 4069 Cio·
1170 4007 1212 4070 de
1230 4009 1307 4088 Rep.
1322 4009 1374 4070 lV.

184 4151 216 4211 p.
232 4130 302 4192 aar.
323 4130 378 4192 lid.
400 4129 471 4192 Mai.
492 4133 546 4192 ΧΙΙ
571 4131 657 4194 tabb.
681 4149 785 4206 „cum
805 4147 979 4212 perpaucas
998 4145 1049 4193 res
1067 4131 1171 4210 eapite
1192 4130 1376 4205 sanxissent,

183 4254 216 4314 in
239 4251 289 4316 his
308 4251 392 4317 hauc
412 4269 537 4334 quoque
558 4255 758 4319 sanciendam
783 4261 988 4335 putaverunt,
1017 4254 1044 4316 si
1063 4255 1134 4333 quis
1150 4252 1377 4316 occentavisset

185 4376 250 4447 sinc
265 4393 391 4448 carmon·
404 4375 612 4451 condidisset,
636 4378 718 4461 quod
739 4375 898 4445 intantum
911 4376 1031 4442 taceret
1041 4375 1240 4457 tepidumve
1255 4373 1376 4438 alteri.’'
