3242 5138
265 443 331 484 xtvr
617 425 666 482 DE
689 425 872 486 ressonis
891 428 1114 490 LUCILIANIS.

263 578 453 652 praecepto:
483 575 539 634 Ter
557 577 641 634 tincti
662 581 843 636 transnanto
872 575 1020 648 Tiberim,
1046 595 1150 638 somno
1178 579 1287 657 quibos
1315 591 1359 642 est
1386 598 1463 662 oona

265 695 337 755 olto.
361 697 437 754 Luc.
454 694 493 753 fr.
509 713 541 772 p.
558 696 606 756 lt8.
625 697 651 755 l.
676 698 881 776 ioonndoaqnc
901 716 977 776 pater
990 701 1043 778 qni
1063 700 1214 761 lamberet
1227 717 1281 762 oro
1291 703 1465 781 placentas,

263 833 343 894 quae
364 833 433 892 quas
455 832 526 877 cum
547 817 722 878 Horatianis
742 818 885 880 conserat
904 821 934 880 S.
950 822 975 880 l.
991 821 1019 882 5.
1035 821 1084 882 80.
1112 824 1140 881 si
1159 824 1229 900 onis
1250 841 1317 884 cnm
1339 843 1462 888 acroam

261 939 412 1016 potinnnn
432 941 485 1017 qni
515 941 618 1002 tollere
644 943 765 1010 insane,
794 959 919 1002 semesos
944 945 1041 1020 pisces
1072 945 1263 1024 tepidamque
1288 946 1464 1024 lianrlerit

263 1060 322 1122 ins.
346 1061 443 1122 Lucil.
467 1060 578 1140 lragm.
603 1080 633 1140 p.
650 1061 698 1121 55.
717 1063 743 1121 l.
766 1065 865 1139 repsit
878 1064 1001 1141 Apollo,
1023 1064 1048 1126 si
1067 1061 1147 1126 haec
1168 1065 1261 1126 lectio
1276 1067 1351 1128 satis
1372 1077 1461 1130 certa

264 1189 321 1256 est,
348 1184 513 1244 scholiasta
536 1189 665 1242 auctore
688 1201 759 1244 cum
779 1184 947 1244 Horatiano
967 1188 1198 1265 composueris:
1226 1190 1269 1248 stc
1289 1207 1335 1248 one
1355 1207 1461 1250 sorno-

262 1305 306 1364 ot‘t
328 1305 450 1382 Apollo.
475 1307 547 1366 Luc.
572 1305 611 1364 ir.
636 1325 667 1384 p.
684 1306 732 1368 86.
760 1309 915 1385 pnntnnt
943 1310 1050 1370 lectnnt
1078 1318 1105 1370 ct
1132 1311 1307 1388 ondendorn
1327 1312 1461 1390 impositi

259 1426 391 1503 pellibus
413 1424 511 1487 labem
532 1427 676 1488 conferas
696 1445 767 1489 cum
788 1430 894 1490 Horat.
917 1430 1095 1506 1.t.sc.*)

390 1687 426 1784 ὃ.
452 1687 486 1761 3.
534 1687 597 1764 Dc
621 1693 851 1788 stnyntornn
866 1691 1056 1766 'librorum
1081 1703 1323 1792 nrynmcntis.

337 1878 381 1936 De
402 1876 554 1938 librorum
574 1880 766 1956 argumentis
792 1878 984 1960 perdifficilis
1012 1885 1043 1939 et
1071 1879 1262 1958 perobscura
1286 1889 1334 1941 est
1354 1897 1454 1961 quae-

259 1998 328 2068 stio,
353 2015 444 2074 quam
464 1997 697 2056 instituentibus
718 1999 810 2057 etiam
833 1966 926 2076 atque
947 2003 1040 2062 etiam
1062 2002 1137 2064 illud
1159 2002 1401 2080 Quinctiliauum
1421 2007 1454 2066 in

260 2120 438 2180 memoriam
457 2117 667 2178 revocandum
685 2124 751 2178 est:
774 2119 872 2191 „Esse
892 2120 1025 2197 plurima
1039 2140 1113 2182 vera
1128 2125 1253 2200 quidem
1268 2126 1323 2188 sed
1343 2144 1454 2206 parum

259 2241 431 2322 credibilia.
474 2240 560 2299 Sicut
587 2240 662 2298 falsa
683 2257 806 2316 quoque
831 2240 1013 2317 frequenter
1033 2243 1245 2307 verisimilia.”
1286 2246 1376 2324 Quod
1397 2247 1451 2328 qui

258 2371 385 2435 tenent,
407 2363 429 2420 ii
448 2378 511 2421 nou
532 2361 623 2420 facile
644 2362 855 2434 committent,
883 2369 919 2422 ut
945 2370 1031 2423 certa
1061 2363 1194 2440 quadam
1216 2366 1453 2444 ‚probabilitatis

261 2485 365 2564 specie
386 2482 507 2543 inducti
530 2499 589 2564 pro
617 2481 714 2545 solida
744 2488 775 2543 et
801 2499 947 2560 expresse
971 2451 1111 2544 veritatis
1131 2484 1234 2567 effigie
1254 2486 1395 2546 umbram
1420 2498 1454 2553 et

257 2607 407 2687 imagines
435 2612 666 2690 consectentur.
694 2604 774 2696 »Sed
808 2605 931 2667 accedit
961 2607 1059 2668 maior
1089 2608 1181 2681 etiarn
1212 2607 1378 2668 difficultas
1409 2625 1450 2670 ex

257 2729 353 2807 ipsius
381 2729 511 2791 Saturae
540 2703 717 2792 Lucilianae
748 2729 851 2791 indole
878 2736 971 2809 atque
1000 2736 1110 2805 natura
1147 2731 1296 2810 repetita,
1333 2730 1449 2810 quippe

257 2870 349 2931 quam
370 2852 600 2928 antiquissimae
624 2852 668 2910 illi
690 2853 835 2923 Saturae,
858 2852 897 2910 de
918 2871 979 2929 qua
999 2853 1081 2918 intra
1101 2855 1243 2934 pluribus
1269 2852 1329 2914 erit
1354 2869 1450 2932 egeu-

257 2974 351 3045 dum,
384 2974 480 3031 multo
504 2939 682 3056 similiorem
708 2988 801 3050 quam
828 2973 921 3051 vulgo
950 2980 1105 3046 statuunt,
1136 2975 1231 3035 fuisse
1260 2976 1447 3051 putaverim.

257 3097 319 3158 Htsi
339 3095 422 3158 enim
444 3093 569 3156 Horatio
590 3101 734 3164 auctore,
756 3095 891 3154 Lucilius
904 3112 1020 3157 novum
1033 3094 1189 3173 quoddam
1207 3097 1335 3157 Saturae
1349 3114 1448 3176 genus

255 3216 413 3278 induxisse
444 3215 584 3276 videtur:
616 3215 690 3294 qnid
719 3234 787 3276 enno
817 3224 860 3276 cst
890 3215 1029 3276 Lucilius
1055 3234 1148 3276 ouans
1171 3219 1292 3295 primns
1313 3221 1346 3278 in
1367 3219 1446 3279 lanne

255 3303 354 3420 operis
374 3357 548 3420 conponere
569 3340 709 3400 carmine
728 3356 841 3397 rnorem
861 3336 933 3397 Hor.
956 3341 1018 3400 Sat.
1041 3335 1079 3398 Χρ
1103 3340 1130 3397 l.
1148 3338 1196 3398 dn.
1221 3346 1252 3399 et
1271 3339 1310 3412 ab
1335 3339 1444 3400 eodem

257 3499 302 3505 -.,
311 3500 321 3504 -
332 3501 337 3504 .
344 3494 444 3508 ,...---ι-«

279 3579 299 3646 ’)
319 3557 391 3642 ΟΜ
412 3577 448 3630 de
480 3591 512 3630 re
542 3575 592 3630 clr.
625 3574 820 3630 Schoeubeelr.
852 3572 1018 3640 Quaestiou.
1046 3573 1135 3630 Lucil.
1165 3575 1313 3643 particula.
1352 3572 1443 3628 Halae

322 3659 526 3718 MDGCGXLL
541 3675 569 3731 p.
586 3661 628 3717 1³.
648 3661 810 3730 „Horatius
832 3665 894 3719 siue
913 3663 999 3720 dubio
1017 3663 1046 3717 ln
1065 3663 1159 3717 satiris
1178 3663 1335 3718 scribendis
1360 3659 1443 3717 Luci-

322 3753 390 3806 lium
416 3753 624 3818 saepenumero
647 3752 711 3804 ante
733 3752 832 3806 oculos
858 3751 966 3807 habuit·
992 3777 1027 3790 -
1051 3749 1135 3824 Quod
1163 3749 1290 3821 diligenti
1316 3751 1443 3806 locorum

321 3839 531 3909 comparatione
549 3838 672 3896 illustrat
689 3837 857 3908 Hutgersius
877 3838 966 3896 Lecti.
988 3839 1096 3894 Venus.
1118 3855 1143 3893 c.
1159 3837 1200 3894 15.
1224 3841 1289 3908 post
1312 3837 1442 3894 animad-

322 3928 482 3986 versionem
502 3925 615 3980 Deusae
635 3927 664 3980 iu
683 3927 782 3996 fragm.
795 3925 822 3981 i.
840 3926 950 3983 10-12.
987 3925 1077 3983 Porro
1096 3930 1209 3982 secutus
1228 3928 1341 3982 videtur
1358 3917 1442 3980 L'uci-

320 4017 388 4071 lium
400 4016 428 4070 in
442 4014 533 4070 Serm.
550 4013 587 4070 ll.
602 4011 628 4070 2.
650 4013 685 4069 de
703 4013 782 4082 luxu,
804 4015 887 4084 gulae
909 4015 1059 4083 servienti,
1077 4031 1141 4070 cum
1158 4016 1314 4070 secuudum
1327 4017 1441 4068 veteres

318 4105 430 4174 glossas
448 4103 476 4158 iu
494 4102 586 4158 Persii
603 4099 725 4158 Satiram
745 4101 797 4158 ΙΙΙ.
821 4102 945 4158 Lucilius
962 4104 1041 4160 idem
1061 4109 1258 4174 argumentum
1277 4102 1369 4158 Satira
1387 4099 1439 4158 1v.

320 4191 490 4248 tractaverit.
517 4188 652 4245 Similiter
666 4191 765 4245 multis
785 4191 847 4246 aliis
864 4193 933 4248 locis
951 4189 1095 4248 Luciliaua
1118 4189 1322 4248 accomodavit.
1349 4188 1440 4244 Vetus

320 4278 492 4358 scholiastes
510 4279 539 4333 in
559 4275 628 4333 Hor.
645 4279 735 4333 Serm.
752 4277 790 4334 ll.
807 4281 829 4332 1.
843 4278 895 4348 213
917 4281 967 4334 cir.
988 4280 1062 4351 Aug.
1082 4281 1263 4338 Petermauu.
1283 4277 1318 4331 de
1338 4273 1369 4332 G.
1382 4277 1440 4333 Lu-

261 4421 263 4426 .
320 4367 377 4424 ciiii
397 4366 455 4424 vita
474 4371 503 4423 et
520 4367 693 4424 carminibus
711 4365 796 4436 psts.
816 4383 844 4421 n.
858 4368 882 4422 l.
