3286 5126
480 414 600 475 naulo
620 413 759 475 result
777 413 1007 478 EXPONITUR.
1276 433 1342 478 ιω

150 578 246 644 quam
263 532 397 655 maximp
417 563 614 644 probaretur,
636 563 816 642 nullumque
836 568 1000 642 praeterea
1021 564 1124 642 poesie
1144 567 1343 652 genusnele·

150 662 307 754 hraretur.
338 688 400 752 Sed
419 705 459 750 ex
475 697 535 766 qno
550 693 690 766 tempore
710 683 814 746 livius
827 654 1156 750 Andronicustahulas
1168 704 1208 748 ex
1221 688 1342 750 Graeco

151 827 257 874 versas
271 808 387 884 edidit,
409 810 549 884 scenica,
571 825 651 888 quae
665 808 789 882 dicitur,
812 815 928 882 satura,
950 815 985 870 ut
997 808 1086 880 initio
1099 811 1233 871 excitate
1245 816 1342 888 samue

151 933 249 1012 magis
270 933 392 994 exculta
413 938 477 1004 est,
510 931 554 992 ita
583 938 706 1010 postea,
738 943 810 991 oum
829 937 863 991 et
881 947 932 993 ars
952 930 1156 1004 histrionum,
1188 937 1220 1006 et
1243 932 1342 1012 magis

151 1053 308 1122 elaborata
333 1053 472 1116 diverbia
497 1053 650 1132 et-ipsius·
663 1052 789 1114 tabulae
802 1059 1037 1132 argumentum,
1059 1053 1181 1133 lougius
1200 1070 1219 1114 a
1239 1053 1342 1132 prisca
1452 1083 1457 1090 ·

151 1195 272 1244 urorum
291 1177 487 1255 simplicitate
508 1174 709 1249 recederent,
742 1193 760 1236 a
786 1175 965 1249 iuuentute,
988 1191 1068 1253 quae
1088 1181 1180 1238 antea
1199 1175 1343 1255 impletas

55 1355 59 1366 .
151 1298 249 1361 raedis
277 1295 401 1360 saturas
426 1297 582 1378 descripto
609 1297 648 1358 ad
677 1297 844 1358 tibicinem
865 1304 961 1358 cantu
984 1303 1133 1376 motuque
1158 1298 1343 1377 congruenti

152 1421 341 1500 peregisset,
363 1421 492 1492 omissa,
514 1387 717 1493 histrionibus
737 1419 922 1486 tabellarum
942 1426 1014 1484 cetu
1035 1421 1162 1492 relicto;
1185 1419 1342 1500 „ipsaque

151 1543 236 1604 inter
262 1559 295 1604 se
330 1559 420 1604 more
446 1543 572 1620 anduno
600 1541 732 1604 ridicula
750 1541 1033 1604 intenteeersihus
1053 1542 1196 1604 iactitare
1218 1543 1341 1623 conpita

152 1661 366 1730 urdeexodia
385 1671 492 1744 postea
512 1665 668 1744 appellata
683 1671 889 1743 consertaque
910 1663 1032 1726 labellis
1052 1664 1244 1743 potissimum
1257 1665 1343 1726 Atel·

150 1787 228 1850 lanis
247 1787 350 1854 stmt.”
717 1875 720 1880 Ι

167 1952 190 1966 ,.
225 1913 272 1976 lta
292 1911 408 1972 rustica
428 1909 554 1989 quidem
572 1909 626 1969 illa
646 1908 796 1970 dicacitas
814 1905 942 1982 hahuit,
970 1908 1026 1969 ubi
1046 1903 1272 1982 exhiberetur,
1287 1925 1343 1970 ne-

151 2051 211 2112 qua
236 2032 350 2122 detuit:
366 2031 491 2093 scenica
522 2031 621 2106 acti03
651 2030 706 2097 sed
737 2047 839 2110 quam*
854 2015 1128 2111 saturae-partem
1153 2047 1216 2095 non
1241 2032 1343 2094 minue

150 2173 277 2236 gravem
298 2171 365 2217 esse
385 2154 535 2228 vidimus,
558 2154 597 2216 de
616 2151 777 2217 hominum
796 2153 867 2214 vita.
879 2159 912 2214 et
929 2153 1082 2227 maribus,
1104 2169 1197 2232 quam
1211 2153 1344 2216 didacti-

151 2294 221 2340 eam
253 2278 414 2360 appellere
443 2279 534 2352 lieet,
569 2292 607 2340 ea
635 2277 707 2340 lere-
730 2293 828 2338 vacua
848 2283 918 2338 erat
931 2277 1062 2338 ,relicta
1104 2277 1192 2355 Quae
1221 2295 1292 2340 cunr
1311 2283 1345 2339 et

150 2401 455 2494 veteridiaciplinae
475 2375 658 2480 morumque
677 2401 854 2474 severitati,
877 2418 968 2480 quar,
986 2383 1052 2480 ¹quo
1071 2400 1171 2480 magis
1182 2387 1251 2462 'labi
1272 2415 1344 2462 coes

150 2525 212 2604 pit,
238 2541 275 2586 ec
293 2523 397 2603 magis
412 2524 602 2587 laudabatur
619 2531 712 2612 atque
732 2524 963 2596 celebrabatur,
985 2524 1130 2605 inprimis
1142 2523 1341 2596 ‘conveniret

149 2661 219 2708 eam
237 2653 349 2726 poetae
370 2631 599 2726 ampleni'sunt
618 2645 734 2707 Ennius
749 2653 789 2705 *et
803 2644 978 2716 Pacuvius,
1000 2645 1214 2722 quippe'quae·
1230 2661 1248 2704 a
1267 2644 1344 2705 iocis
1459 2641 1461 2643 ’

148 2767 317 2830 inconditis
335 2774 368 2834 et
388 2767 454 2830 riser
473 2767 572 2828 soluto
593 2766 779 2828 alienissima
800 2773 834 2826 et
851 2763 1139 2838 litteris-mandari,
1161 2771 1343 2828 etzaceura·

149 2891 212 2956 rios
235 2890 421 2970 pertractari
445 2889 558 2968 putuit.
600 2890 665 2950 hnc
692 2895 777 2950 certa
798 2869 933 2966 quadam
953 2886 1206 2964 arternultisque
1231 2886 1344 2948 litteris

149 3031 227 3092 opus
255 3013 329 3087 luit,
359 3019 395 3074 ut
424 2981 511 3073 uaria
535 3017 705 3102 praecepta
725 3011 970 3092 explicarentur,
999 3010 1242 3083 illustrarentur,
1270 3015 1343 3088 apte

149 3138 232 3200 ister
249 3153 284 3198 se
305 3135 525 3214 iungerentur·
562 3133 677 3196 sedin
697 3133 833 3218 partium
852 3133 999 3195 irnctura
1024 3130 1194 3194 diutissime
1215 3147 1342 3197 seuran-

150 3263 257 3320 serunt
279 3256 398 3336 antiqui
420 3255 550 3337 vestigia
572 3257 671 3329 ruris,
700 3256 772 3334 quia
797 3262 911 3334 poetae
930 3255 971 3316 de
998 3261 1073 3334 apta
1091 3251 1292 3333 dispositione
1312 3261 1344 3316 et

150 3381 190 3463 de
212 3382 347 3462 partium
366 3379 520 3442 maneria
539 3377 704 3450 incuriosi,
728 3377 877 3456 plurimas
901 3377 1170 3440 sententiasvitu'e
1185 3375 1343 3437 communi

150 3503 513 3564 utilissimaaeuaaulasse
533 3503 607 3564 satis
627 3497 818 3560 hahuerunt.
854 3497 1006 3558 varietati
1019 3497 1344 3574 argumenti-respon-

149 3625 265 3689 derunt
289 3625 375 3688 uaria
388 3640 546 3689 uersuum
573 3639 706 3703 genera,
734 3615 812 3699 ques
832 3619 968 3682 &aecus
995 3617 1133 3682 imitatus
1157 3618 1272 3680 danim
1291 3617 1344 3678 in-

149 3747 258 3827 primis
281 3748 476 3822 excolnerat,
506 3747 550 3808 ita
569 3752 605 3808 ut
627 3757 734 3806 versus
757 3743 925 3816 trochaici,
948 3759 1028 3822 quos
1052 3741 1163 3820 priscis
1189 3740 1249 3802 illis
1269 3757 1344 3803 oen-

149 3869 254 3932 tileuis
274 3868 446 3948 aptissimos
473 3869 570 3932 luisse
597 3867 737 3931 homines
758 3865 841 3928 docti
868 3869 1062 3937 statuerunt,
1089 3863 1156 3950 etr,
1173 3862 1228 3924 ud.
1250 3859 1345 3924 hiunk

150 3992 191 4054 de
221 3989 335 4075 tabulis
361 3992 520 4054 Atellanis.
550 3991 673 4071 Lipsiae
693 3990 778 4052 estu
803 4007 835 4067 p.
853 3989 882 4050 7.
908 3995 941 4049 et
959 3987 1012 4065 qui
1038 3986 1078 4048 ab
1102 3986 1155 4049 illc
1176 3985 1345 4048 laudentur

150 4115 237 4179 Zell:
272 4095 534 4178 Ferienschrilten
560 4115 600 4174 ll.
623 4113 740 4193 psl50.
769 4117 803 4174 et
829 4087 955 4191 Grysar.
977 4107 1204 4170 de‘Comoedia
1230 4107 1344 4168 Dorica

149 4257 183 4317 p.
199 4235 266 4299 227.
287 4237 429 4315 inprimis
456 4237 646 4316 septenarii,
672 4243 704 4298 et
731 4235 855 4298 iamhiei
885 4233 1059 4296 tetrametri
1079 4230 1254 4298 catalectici
1273 4245 1343 4291 eum

149 4360 292 4436 uersibus
312 4359 480 4442 dactylicis·
495 4358 712 4424 miscerentur.
752 4357 815 4422 ¹Sed
836 4357 994 4421 Ennianae
1024 4355 1154 4440 Saturae
1182 4349 1343 4434 ingeldum
