3242 5138
502 409 552 466 bu
570 398 752 476 suasoriis
770 409 992 472 LUGlLlANlS.
1269 431 1344 476 usn

154 559 194 620 At
221 557 319 640 multo
344 554 442 636 magis
464 559 556 634 quam
587 555 825 618 domesticarum
859 573 964 618 rerum
992 557 1167 636 fastidium,
1198 559 1281 639 quod
1308 561 1341 624 in

152 679 297 740 litteratis
329 675 509 740 hominibus*
536 678 656 740 notarit
692 677 846 769 Lucilius,
886 676 1045 768 bominum
1076 680 1275 743 factiosorum
1309 691 1342 746 et

152 799 341 878 potentium·
364 799 624 879 perversitatem
648 800 874 897 perstrinxisse
915 801 1062 864 videtum
1110 802 1170 866 Sed
1209 801 1270 864 boc
1307 805 1341 866 iu

152 938 283 983 numero
320 938 382 982 non
416 921 580 990 Aemilium
608 923 768 986 Scaurum
795 924 966 1010 posuerim,
1010 939 1103 1003 quem
1134 925 1223 986 multi
1251 924 1339 1005 trag-

145 1050 257 1103 ,mento
286 1041 314 1102 d.
346 1037 400 1102 lib.
428 1044 465 1103 ll.
498 1041 704 1122 significatum
735 1061 802 1105 esse
832 1049 986 1120 statuant,
1024 1044 1099 1124 quid
1133 1046 1215 1108 enim
1242 1045 1340 1118 verba

150 1165 202 1225 illa
229 1163 286 1239 sibi
310 1165 441 1227 volunt?
468 1211 489 1238 „
499 1162 582 1242 Quae
609 1181 661 1246 epo
690 1183 771 1228 ocor
792 1167 923 1244 Acutilio
945 1177 1113 1249 praecauto
1141 1175 1229 1247 atque
1253 1169 1339 1246 culpo

150 1295 239 1365 etque
258 1287 427 1368 coeantof’
448 1285 557 1366 quodsi
578 1287 661 1346 enim
681 1287 792 1366 aliquis
810 1285 946 1378 haesita
959 1289 1205 1369 interpretatur:
1229 1287 1341 1362 „baec

150 1425 210 1487 ego
228 1408 352 1489 saepius
373 1409 501 1469 Aemilio
526 1409 666 1483 inculco,
697 1415 792 1488 atque
816 1407 896 1476 baec
924 1408 964 1470 ab
991 1427 1028 1472 eo
1054 1411 1144 1489 exigo
1170 1415 1264 1488 atque
1285 1417 1340 1470 ex-'

150 1531 322 1608 torqueo,”
354 1535 457 1593 tamen
489 1530 540 1592 rix
570 1527 603 1591 in
633 1529 728 1592 rebus
756 1530 795 1592 ab
827 1531 880 1592 illo
907 1528 1043 1612 bomine
1062 1531 1157 1610 gestis
1186 1531 1337 1606 invenias,

149 1669 229 1730 quae
248 1650 298 1713 bis
317 1653 422 1713 verbis
440 1623 645 1715 illustrentur.
717 1725 721 1731 Ι

155 1799 160 1810 ¹
225 1773 284 1836 Sed
303 1774 344 1856 VQ.
361 1774 464 1853 Opimi
484 1775 674 1838 mentionem
694 1773 828 1855 iecerat,
855 1773 1029 1852 etquidem
1049 1790 1111 1835 uon
1132 1780 1204 1836 ante
1224 1791 1339 1854 anuum

147 1895 346 1956 ccxlivii.
363 1897 395 1956 d.
420 1896 479 1958 etsi
493 1895 581 1980 enim
602 1895 700 1974 patris
715 1895 823 1972 Quinti
843 1895 1001 1975 ingenium
1024 1901 1056 1956 et
1074 1910 1176 1957 mores
1191 1891 1336 1967 illustrat,
1447 1931 1450 1938 ·

147 2022 255 2078 tanuen
275 2017 358 2094 quod
379 2015 474 2078 lilium
498 2015 717 2097 lupurlbinmn
735 2017 923 2097 appellavit,
947 2017 1011 2081 hoo
1027 2017 1079 2078 vix
1098 2023 1170 2078 aute
1190 2015 1259 2078 beri
1279 2033 1338 2096 po·

147 2138 243 2200 tuisse
267 2137 400 2200 videtur.
441 2140 505 2199 imo
524 2139 602 2200 illud
622 2155 794 2219 cognomen
816 2138 939 2200 nonnisi
967 2144 1037 2217 post
1058 2137 1289 2220 damnationem
1309 2137 1339 2201 ei

73 2282 74 2286 ¹
145 2258 398 2322 inditumluissc
425 2261 620 2340 putaverim..
658 2261 805 2328 Eiusdem,
839 2261 950 2324 aetatis
980 2260 1044 2322 ,luit
1078 2261 1252 2324 Postumius
1277 2261 1338 2324 Ai-

147 2379 368 2460 dinossquem
387 2399 418 2462 p.
435 2381 482 2444 dd.
502 2382 547 2443 ir.
565 2383 612 2442 l8.
635 2382 773 2471 tetigisse
795 2381 928 2444 videtur.
971 2382 1133 2456 „Cohibet
1152 2380 1236 2444 domi
1255 2399 1340 2444 mee-

146 2509 211 2564 stus
232 2519 265 2564 se
288 2502 433 2579 Albinus,
455 2502 724 2584 repudiumquod
751 2503 833 2582 filine
854 2504 997 2567 remisit”
1028 2505 1128 2565 Aulus
1148 2521 1188 2565 nn
1209 2503 1339 2584 Spurius

145 2623 366 2710 intelligendus
396 2627 451 2699 sit,
490 2623 619 2685 dubium
649 2631 705 2687 est.
755 2626 900 2704 Spurium
937 2625 1028 2686 simul
1060 2643 1130 2696 cum
1163 2625 1287 2704 Opimio
1317 2641 1337 2685 a

146 2743 337 2808 Gracchanis
365 2745 521 2809 iudicibus
550 2745 728 2812 damnatum
754 2743 940 2813 inexilium
968 2745 1080 2806 abiisse
1102 2745 1209 2807 Cicero
1230 2751 1340 2806 auctor

146 2875 203 2928 cst.
227 2869 312 2928 Brut.
335 2867 385 2928 dl.
401 2867 468 2927 lid.
509 2859 569 2928 Sed
601 2866 683 2945 qnod
713 2865 774 2928 hoc
804 2867 883 2928 loco
902 2866 1039 2947 legitur,
1055 2866 1107 2928 -ad
1137 2865 1338 2942 domesticam

143 2988 247 3052 labem
268 2981 407 3053 eiusdem
433 2989 508 3050 riri
524 2989 683 3068 portinere
710 2988 834 3050 ridetur
847 3009 857 3061 ;
891 2995 926 3050 ut
953 2987 1035 3049 enim
1065 2989 1150 3048 alins
1172 2986 1339 3067 repudium

145 3127 277 3190 sponsae
298 3111 347 3174 vel
367 3110 458 3171 uxori
477 3111 657 3184 remittitur,
679 3110 739 3172 boc
759 3112 828 3172 loco
848 3109 930 3174 filiae
949 3109 1032 3170 idem
1059 3109 1221 3170 remissum
1242 3106 1339 3175 inisse

144 3231 278 3304 dicituro
299 3232 473 3304 vixerim,
498 3231 584 3310 tiliae
604 3250 664 3311 pro¹
676 3231 812 3312 genitivo
832 3229 968 3305 habeas,
990 3231 1033 3292 ita
1046 3237 1081 3291 ut
1093 3229 1338 3292 dativussubin-
1402 3201 1403 3206 ἵ

143 3352 331 3432 tolligendus
350 3355 400 3415 sit.
442 3356 547 3433 Longo
568 3354 710 3416 diversus
731 3352 770 3414 ab
790 3355 845 3416 illo
865 3360 912 3416 ost
939 3355 991 3432 Sp.
1015 3352 1188 3414 Postumius
1206 3351 1338 3428 Albinus

143 3477 288 3557 Magnus,
310 3449 432 3538 ¹Consul
452 3492 489 3537 eo
511 3494 610 3556 anno,
641 3493 702 3554 quo
729 3477 879 3550 Lucilius,
896 3482 987 3558 vteste
1013 3474 1223 3565 Hieronymo,
1246 3474 1338 3536 natus

144 3606 207 3672 est,
229 3617 321 3682 quem
341 3605 433 3678 poeta
453 3599 486 3661 in
507 3600 666 3679 prooemio
687 3597 759 3659 libri
781 3599 933 3661 allocutus
955 3614 1023 3660 esso
1044 3581 1182 3676 putatur,
1212 3593 1272 3656 cir.
1295 3591 1335 3653 ir.

142 3720 208 3780 inc.
230 3721 257 3782 l.
279 3723 391 3786 Virtus
413 3721 524 3786 Aldine
545 3730 603 3793 ost,
623 3723 760 3800 pretium-
776 3729 906 3806 otctrrcrc
925 3735 1029 3782 oerum
1051 3725 1112 3780 etc.
1153 3716 1215 3778 Sed
1232 3716 1338 3778 nescio

143 3859 183 3904 an
203 3841 433 3906 recdusetiam
455 3845 489 3906 A.
506 3844 682 3907 Postumius
701 3845 738 3904 A.
755 3843 787 3904 F.
804 3844 839 3904 A.
855 3845 892 3904 N.
909 3841 1039 3904 Albinus
1057 3839 1260 3918 intelligatur,
1284 3836 1338 3926 qui

143 3964 251 4026 consul
271 3967 395 4026 cumb.
418 3966 536 4026 licinio
550 3967 684 4028 'Lucullo
705 3965 778 4039 luit,
807 3965 917 4026 doctus
938 3979 1013 4026 sane
1046 3963 1154 4036 bomo,
1183 3961 1338 4022 litteratus

143 4093 175 4146 et
196 4085 349 4160 disertus,
371 4093 407 4148 ut
422 4088 544 4171 indicat
563 4087 660 4166 ipsius
680 4086 809 4172 historia
831 4086 950 4146 Gracco
970 4084 1104 4165 scripto,
1131 4097 1223 4162 quam
1243 4080 1337 4160 Poly·

142 4207 212 4269 bins
232 4208 475 4294 πραγματικὴν
496 4199 849 4292 ioropluradpellarit.
871 4206 979 4286 Polyb.
1003 4207 1064 4268 XL.
1087 4205 1116 4267 6.
1141 4221 1172 4283 p.
1188 4201 1256 4264 ild.
1279 4200 1336 4262 lid.

144 4327 322 4411 Schweigh.
345 4330 447 4410 quisi
469 4331 550 4408 ultra
567 4331 797 4412 sexagesimum
819 4344 934 4390 annom
955 4335 1089 4396 aetatem
1113 4324 1278 4406 produxit,
1305 4327 1339 4383 et
