<?xml version="1.0" encoding="UTF-8"?>
<!DOCTYPE html PUBLIC "-//W3C//DTD XHTML 1.0 Transitional//EN"
    "http://www.w3.org/TR/xhtml1/DTD/xhtml1-transitional.dtd">
<html xmlns="http://www.w3.org/1999/xhtml" xml:lang="en" lang="en">
 <head>
  <title>
</title>
<meta http-equiv="Content-Type" content="text/html;charset=utf-8" />
  <meta name='ocr-system' content='tesseract 3.04.00' />
  <meta name='ocr-capabilities' content='ocr_page ocr_carea ocr_par ocr_line ocrx_word'/>
</head>
<body>
  <div class='ocr_page' id='page_1' title='image "./cluciliisaturar00lucigoog_0104.png"; bbox 0 0 3286 5126; ppageno 0'>
   <div class='ocr_carea' id='block_1_1' title="bbox 489 429 1351 496">
    <p class='ocr_par' dir='ltr' id='par_1_1' title="bbox 489 429 1351 496">
     <span class='ocr_line' id='line_1_1' title="bbox 489 429 1351 496; baseline 0.002 -6"><span class='ocrx_word' id='word_1_1' title='bbox 489 433 609 496; x_wconf 75' lang='lat' dir='ltr'><strong>nauto</strong></span> <span class='ocrx_word' id='word_1_2' title='bbox 628 432 765 494; x_wconf 72' lang='lat' dir='ltr'><strong>euentu</strong></span> <span class='ocrx_word' id='word_1_3' title='bbox 780 429 1019 496; x_wconf 73' lang='lat' dir='ltr'><strong>uxuottluttu..</strong></span> <span class='ocrx_word' id='word_1_4' title='bbox 1277 451 1351 493; x_wconf 77' lang='lat' dir='ltr'><strong>uerno</strong></span> 
     </span>
    </p>
   </div>
   <div class='ocr_carea' id='block_1_2' title="bbox 151 557 1354 3726">
    <p class='ocr_par' dir='ltr' id='par_1_2' title="bbox 151 557 1354 3726">
     <span class='ocr_line' id='line_1_2' title="bbox 160 557 1350 661; baseline 0 -18"><span class='ocrx_word' id='word_1_5' title='bbox 160 557 214 661; x_wconf 73' lang='lat' dir='ltr'><strong>&lt;pri</strong></span> <span class='ocrx_word' id='word_1_6' title='bbox 230 581 329 643; x_wconf 83' lang='lat' dir='ltr'><strong>inulta</strong></span> <span class='ocrx_word' id='word_1_7' title='bbox 351 577 472 646; x_wconf 80' lang='lat' dir='ltr'><strong>habent</strong></span> <span class='ocrx_word' id='word_1_8' title='bbox 491 597 546 655; x_wconf 88' lang='lat' dir='ltr'><strong>eu,</strong></span> <span class='ocrx_word' id='word_1_9' title='bbox 568 597 649 658; x_wconf 84' lang='lat' dir='ltr'><strong>quae</strong></span> <span class='ocrx_word' id='word_1_10' title='bbox 659 595 723 660; x_wconf 87' lang='lat' dir='ltr'><strong>per</strong></span> <span class='ocrx_word' id='word_1_11' title='bbox 734 579 933 643; x_wconf 86' lang='lat' dir='ltr'><strong>vinolentiam</strong></span> <span class='ocrx_word' id='word_1_12' title='bbox 953 580 1009 657; x_wconf 84' lang='lat' dir='ltr'><strong>(ita</strong></span> <span class='ocrx_word' id='word_1_13' title='bbox 1029 576 1224 642; x_wconf 80' lang='lat' dir='ltr'><strong>hauddubie</strong></span> <span class='ocrx_word' id='word_1_14' title='bbox 1243 581 1350 660; x_wconf 77' lang='lat' dir='ltr'><strong>legen-</strong></span> 
     </span>
     <span class='ocr_line' id='line_1_3' title="bbox 160 700 1349 782; baseline -0.003 -14"><span class='ocrx_word' id='word_1_15' title='bbox 160 703 250 778; x_wconf 81' lang='lat' dir='ltr'><strong>dum,</strong></span> <span class='ocrx_word' id='word_1_16' title='bbox 273 702 537 782; x_wconf 74' lang='lat' dir='ltr'><strong>non-ototrotiem)</strong></span> <span class='ocrx_word' id='word_1_17' title='bbox 557 701 715 765; x_wconf 76' lang='lat' dir='ltr'><strong>dicuntur.</strong></span> <span class='ocrx_word' id='word_1_18' title='bbox 739 703 913 777; x_wconf 81' lang='lat' dir='ltr'><strong>„Delanss</strong></span> <span class='ocrx_word' id='word_1_19' title='bbox 928 705 1039 764; x_wconf 84' lang='lat' dir='ltr'><strong>satura</strong></span> <span class='ocrx_word' id='word_1_20' title='bbox 1051 700 1197 766; x_wconf 84' lang='lat' dir='ltr'><strong>Varroin</strong></span> <span class='ocrx_word' id='word_1_21' title='bbox 1211 703 1349 764; x_wconf 83' lang='lat' dir='ltr'><strong>seeundo</strong></span> 
     </span>
     <span class='ocr_line' id='line_1_4' title="bbox 159 823 1350 904; baseline -0.002 -16"><span class='ocrx_word' id='word_1_22' title='bbox 159 826 476 888; x_wconf 75' lang='lat' dir='ltr'><strong>ttbrortaotinarum</strong></span> <span class='ocrx_word' id='word_1_23' title='bbox 500 823 716 904; x_wconf 73' lang='lat' dir='ltr'><strong>quaestionum</strong></span> <span class='ocrx_word' id='word_1_24' title='bbox 741 823 841 886; x_wconf 87' lang='lat' dir='ltr'><strong>haee:</strong></span> <span class='ocrx_word' id='word_1_25' title='bbox 874 825 1016 898; x_wconf 83' lang='lat' dir='ltr'><strong>„Satura</strong></span> <span class='ocrx_word' id='word_1_26' title='bbox 1043 829 1091 886; x_wconf 88' lang='lat' dir='ltr'><strong>est</strong></span> <span class='ocrx_word' id='word_1_27' title='bbox 1116 841 1177 888; x_wconf 84' lang='lat' dir='ltr'><strong>uva</strong></span> <span class='ocrx_word' id='word_1_28' title='bbox 1202 841 1292 904; x_wconf 85' lang='lat' dir='ltr'><strong>passa</strong></span> <span class='ocrx_word' id='word_1_29' title='bbox 1319 831 1350 887; x_wconf 90' lang='lat' dir='ltr'><strong>et</strong></span> 
     </span>
     <span class='ocr_line' id='line_1_5' title="bbox 159 944 1351 1028; baseline -0.002 -18"><span class='ocrx_word' id='word_1_30' title='bbox 159 949 284 1028; x_wconf 82' lang='lat' dir='ltr'><strong>potente</strong></span> <span class='ocrx_word' id='word_1_31' title='bbox 306 947 462 1009; x_wconf 70' lang='lat' dir='ltr'><strong>ernnust</strong></span> <span class='ocrx_word' id='word_1_32' title='bbox 479 947 548 1026; x_wconf 87' lang='lat' dir='ltr'><strong>pini</strong></span> <span class='ocrx_word' id='word_1_33' title='bbox 569 965 610 1011; x_wconf 80' lang='lat' dir='ltr'><strong>en</strong></span> <span class='ocrx_word' id='word_1_34' title='bbox 626 947 724 1008; x_wconf 80' lang='lat' dir='ltr'><strong>mulso</strong></span> <span class='ocrx_word' id='word_1_35' title='bbox 744 945 914 1024; x_wconf 78' lang='lat' dir='ltr'><strong>conspersi.</strong></span> <span class='ocrx_word' id='word_1_36' title='bbox 955 945 1003 1007; x_wconf 81' lang='lat' dir='ltr'><strong>Ad</strong></span> <span class='ocrx_word' id='word_1_37' title='bbox 1020 944 1167 1009; x_wconf 71' lang='lat' dir='ltr'><strong>haerulii</strong></span> <span class='ocrx_word' id='word_1_38' title='bbox 1187 945 1351 1010; x_wconf 73' lang='lat' dir='ltr'><strong>monetet</strong></span> 
     </span>
     <span class='ocr_line' id='line_1_6' title="bbox 158 1067 1350 1150; baseline 0 -18"><span class='ocrx_word' id='word_1_39' title='bbox 158 1069 206 1132; x_wconf 81' lang='lat' dir='ltr'><strong>de·</strong></span> <span class='ocrx_word' id='word_1_40' title='bbox 220 1071 301 1133; x_wconf 83' lang='lat' dir='ltr'><strong>meto</strong></span> <span class='ocrx_word' id='word_1_41' title='bbox 322 1071 440 1132; x_wconf 79' lang='lat' dir='ltr'><strong>Punico</strong></span> <span class='ocrx_word' id='word_1_42' title='bbox 459 1086 579 1150; x_wconf 81' lang='lat' dir='ltr'><strong>grana:</strong></span> <span class='ocrx_word' id='word_1_43' title='bbox 607 1069 659 1130; x_wconf 87' lang='lat' dir='ltr'><strong>aiii</strong></span> <span class='ocrx_word' id='word_1_44' title='bbox 689 1075 792 1132; x_wconf 86' lang='lat' dir='ltr'><strong>autem</strong></span> <span class='ocrx_word' id='word_1_45' title='bbox 819 1067 936 1144; x_wconf 88' lang='lat' dir='ltr'><strong>dietum</strong></span> <span class='ocrx_word' id='word_1_46' title='bbox 965 1075 1077 1148; x_wconf 86' lang='lat' dir='ltr'><strong>putant</strong></span> <span class='ocrx_word' id='word_1_47' title='bbox 1101 1071 1208 1150; x_wconf 81' lang='lat' dir='ltr'><strong>alege</strong></span> <span class='ocrx_word' id='word_1_48' title='bbox 1228 1070 1350 1142; x_wconf 84' lang='lat' dir='ltr'><strong>Satura,</strong></span> 
     </span>
     <span class='ocr_line' id='line_1_7' title="bbox 158 1191 1353 1278; baseline -0.004 -21"><span class='ocrx_word' id='word_1_49' title='bbox 158 1210 238 1274; x_wconf 77' lang='lat' dir='ltr'><strong>quae</strong></span> <span class='ocrx_word' id='word_1_50' title='bbox 268 1207 329 1256; x_wconf 86' lang='lat' dir='ltr'><strong>uno</strong></span> <span class='ocrx_word' id='word_1_51' title='bbox 359 1199 471 1273; x_wconf 81' lang='lat' dir='ltr'><strong>rogatu</strong></span> <span class='ocrx_word' id='word_1_52' title='bbox 500 1193 597 1254; x_wconf 89' lang='lat' dir='ltr'><strong>multa</strong></span> <span class='ocrx_word' id='word_1_53' title='bbox 630 1192 720 1254; x_wconf 86' lang='lat' dir='ltr'><strong>simul</strong></span> <span class='ocrx_word' id='word_1_54' title='bbox 752 1192 1015 1278; x_wconf 77' lang='lat' dir='ltr'><strong>comprehendat,</strong></span> <span class='ocrx_word' id='word_1_55' title='bbox 1053 1191 1137 1272; x_wconf 90' lang='lat' dir='ltr'><strong>quod</strong></span> <span class='ocrx_word' id='word_1_56' title='bbox 1170 1191 1291 1254; x_wconf 78' lang='lat' dir='ltr'><strong>seilicet</strong></span> <span class='ocrx_word' id='word_1_57' title='bbox 1318 1199 1353 1255; x_wconf 86' lang='lat' dir='ltr'><strong>et</strong></span> 
     </span>
     <span class='ocr_line' id='line_1_8' title="bbox 159 1311 1348 1394; baseline -0.003 -16"><span class='ocrx_word' id='word_1_58' title='bbox 159 1323 264 1378; x_wconf 80' lang='lat' dir='ltr'><strong>sutura</strong></span> <span class='ocrx_word' id='word_1_59' title='bbox 284 1315 423 1378; x_wconf 88' lang='lat' dir='ltr'><strong>earmina</strong></span> <span class='ocrx_word' id='word_1_60' title='bbox 441 1315 538 1376; x_wconf 89' lang='lat' dir='ltr'><strong>multa</strong></span> <span class='ocrx_word' id='word_1_61' title='bbox 557 1315 648 1378; x_wconf 89' lang='lat' dir='ltr'><strong>simul</strong></span> <span class='ocrx_word' id='word_1_62' title='bbox 669 1313 837 1394; x_wconf 75' lang='lat' dir='ltr'>(poemata)</span> <span class='ocrx_word' id='word_1_63' title='bbox 859 1311 1265 1394; x_wconf 63' lang='lat' dir='ltr'><strong>conprehenderentur.</strong></span> <span class='ocrx_word' id='word_1_64' title='bbox 1290 1313 1348 1375; x_wconf 83' lang='lat' dir='ltr'><strong>eir.</strong></span> 
     </span>
     <span class='ocr_line' id='line_1_9' title="bbox 161 1436 1350 1517; baseline -0.005 -15"><span class='ocrx_word' id='word_1_65' title='bbox 161 1439 326 1502; x_wconf 67' lang='lat' dir='ltr'><strong>diomedes</strong></span> <span class='ocrx_word' id='word_1_66' title='bbox 345 1440 367 1500; x_wconf 86' lang='lat' dir='ltr'><strong>l.</strong></span> <span class='ocrx_word' id='word_1_67' title='bbox 382 1441 402 1504; x_wconf 86' lang='lat' dir='ltr'><strong>i.</strong></span> <span class='ocrx_word' id='word_1_68' title='bbox 427 1455 561 1517; x_wconf 87' lang='lat' dir='ltr'><strong>quoeum</strong></span> <span class='ocrx_word' id='word_1_69' title='bbox 580 1436 805 1506; x_wconf 79' lang='lat' dir='ltr'><strong>conterendum</strong></span> <span class='ocrx_word' id='word_1_70' title='bbox 825 1437 909 1499; x_wconf 81' lang='lat' dir='ltr'><strong>Festi</strong></span> <span class='ocrx_word' id='word_1_71' title='bbox 925 1437 1135 1501; x_wconf 77' lang='lat' dir='ltr'><strong>testimonium</strong></span> <span class='ocrx_word' id='word_1_72' title='bbox 1155 1455 1186 1516; x_wconf 92' lang='lat' dir='ltr'><strong>p.</strong></span> <span class='ocrx_word' id='word_1_73' title='bbox 1202 1437 1270 1497; x_wconf 80' lang='lat' dir='ltr'><strong>utu.</strong></span> <span class='ocrx_word' id='word_1_74' title='bbox 1293 1436 1350 1498; x_wconf 76' lang='lat' dir='ltr'><strong>itdt</strong></span> 
     </span>
     <span class='ocr_line' id='line_1_10' title="bbox 161 1559 1353 1642; baseline -0.004 -18"><span class='ocrx_word' id='word_1_75' title='bbox 161 1561 229 1624; x_wconf 77' lang='lat' dir='ltr'><strong>Odi.</strong></span> <span class='ocrx_word' id='word_1_76' title='bbox 252 1563 388 1636; x_wconf 60' lang='lat' dir='ltr'><strong>‚aarum</strong></span> <span class='ocrx_word' id='word_1_77' title='bbox 409 1569 441 1624; x_wconf 88' lang='lat' dir='ltr'><strong>et</strong></span> <span class='ocrx_word' id='word_1_78' title='bbox 461 1561 524 1624; x_wconf 85' lang='lat' dir='ltr'><strong>eibi</strong></span> <span class='ocrx_word' id='word_1_79' title='bbox 544 1579 642 1642; x_wconf 80' lang='lat' dir='ltr'><strong>genus</strong></span> <span class='ocrx_word' id='word_1_80' title='bbox 662 1581 701 1622; x_wconf 83' lang='lat' dir='ltr'><strong>ex</strong></span> <span class='ocrx_word' id='word_1_81' title='bbox 721 1561 815 1624; x_wconf 88' lang='lat' dir='ltr'><strong>variis</strong></span> <span class='ocrx_word' id='word_1_82' title='bbox 834 1561 930 1623; x_wconf 87' lang='lat' dir='ltr'><strong>rebus</strong></span> <span class='ocrx_word' id='word_1_83' title='bbox 945 1559 1106 1624; x_wconf 84' lang='lat' dir='ltr'><strong>eonditum</strong></span> <span class='ocrx_word' id='word_1_84' title='bbox 1123 1566 1157 1622; x_wconf 88' lang='lat' dir='ltr'><strong>et</strong></span> <span class='ocrx_word' id='word_1_85' title='bbox 1177 1561 1233 1621; x_wconf 83' lang='lat' dir='ltr'><strong>lex·</strong></span> <span class='ocrx_word' id='word_1_86' title='bbox 1248 1560 1353 1620; x_wconf 89' lang='lat' dir='ltr'><strong>multis</strong></span> 
     </span>
     <span class='ocr_line' id='line_1_11' title="bbox 160 1681 1353 1765; baseline -0.004 -19"><span class='ocrx_word' id='word_1_87' title='bbox 160 1685 228 1756; x_wconf 84' lang='lat' dir='ltr'><strong>aliis</strong></span> <span class='ocrx_word' id='word_1_88' title='bbox 247 1685 388 1747; x_wconf 75' lang='lat' dir='ltr'><strong>conferta</strong></span> <span class='ocrx_word' id='word_1_89' title='bbox 407 1683 531 1765; x_wconf 81' lang='lat' dir='ltr'><strong>legibus</strong></span> <span class='ocrx_word' id='word_1_90' title='bbox 552 1684 596 1764; x_wconf 86' lang='lat' dir='ltr'><strong>[et</strong></span> <span class='ocrx_word' id='word_1_91' title='bbox 617 1701 718 1764; x_wconf 83' lang='lat' dir='ltr'><strong>genus</strong></span> <span class='ocrx_word' id='word_1_92' title='bbox 735 1684 881 1759; x_wconf 77' lang='lat' dir='ltr'><strong>carminis</strong></span> <span class='ocrx_word' id='word_1_93' title='bbox 904 1684 960 1746; x_wconf 87' lang='lat' dir='ltr'><strong>uhi</strong></span> <span class='ocrx_word' id='word_1_94' title='bbox 987 1683 1026 1746; x_wconf 93' lang='lat' dir='ltr'><strong>de</strong></span> <span class='ocrx_word' id='word_1_95' title='bbox 1055 1681 1159 1744; x_wconf 81' lang='lat' dir='ltr'><strong>multis</strong></span> <span class='ocrx_word' id='word_1_96' title='bbox 1184 1681 1278 1744; x_wconf 76' lang='lat' dir='ltr'><strong>rehtu</strong></span> <span class='ocrx_word' id='word_1_97' title='bbox 1306 1681 1353 1745; x_wconf 80' lang='lat' dir='ltr'><strong>di-</strong></span> 
     </span>
     <span class='ocr_line' id='line_1_12' title="bbox 161 1803 1352 1886; baseline -0.002 -18"><span class='ocrx_word' id='word_1_98' title='bbox 161 1807 336 1886; x_wconf 55' lang='lat' dir='ltr'><strong>muntem]</strong></span> <span class='ocrx_word' id='word_1_99' title='bbox 361 1825 442 1886; x_wconf 83' lang='lat' dir='ltr'><strong>quae</strong></span> <span class='ocrx_word' id='word_1_100' title='bbox 465 1814 605 1868; x_wconf 77' lang='lat' dir='ltr'><strong>extrema</strong></span> <span class='ocrx_word' id='word_1_101' title='bbox 624 1807 740 1868; x_wconf 80' lang='lat' dir='ltr'><strong>Paulus</strong></span> <span class='ocrx_word' id='word_1_102' title='bbox 761 1806 892 1866; x_wconf 81' lang='lat' dir='ltr'><strong>tortasse</strong></span> <span class='ocrx_word' id='word_1_103' title='bbox 913 1805 1028 1866; x_wconf 86' lang='lat' dir='ltr'><strong>desuo</strong></span> <span class='ocrx_word' id='word_1_104' title='bbox 1048 1803 1179 1866; x_wconf 88' lang='lat' dir='ltr'><strong>eddidit.</strong></span> <span class='ocrx_word' id='word_1_105' title='bbox 1219 1805 1280 1866; x_wconf 85' lang='lat' dir='ltr'><strong>Sed</strong></span> <span class='ocrx_word' id='word_1_106' title='bbox 1296 1805 1352 1866; x_wconf 87' lang='lat' dir='ltr'><strong>in-</strong></span> 
     </span>
     <span class='ocr_line' id='line_1_13' title="bbox 160 1924 1351 2012; baseline -0.005 -20"><span class='ocrx_word' id='word_1_107' title='bbox 160 1929 452 2012; x_wconf 83' lang='lat' dir='ltr'><strong>primis-Euanthius</strong></span> <span class='ocrx_word' id='word_1_108' title='bbox 467 1928 507 1991; x_wconf 89' lang='lat' dir='ltr'><strong>de</strong></span> <span class='ocrx_word' id='word_1_109' title='bbox 519 1924 691 2008; x_wconf 75' lang='lat' dir='ltr'><strong>Tragoedia</strong></span> <span class='ocrx_word' id='word_1_110' title='bbox 707 1933 738 1990; x_wconf 89' lang='lat' dir='ltr'><strong>et</strong></span> <span class='ocrx_word' id='word_1_111' title='bbox 752 1927 916 1989; x_wconf 83' lang='lat' dir='ltr'><strong>Comoedia</strong></span> <span class='ocrx_word' id='word_1_112' title='bbox 930 1944 962 2007; x_wconf 90' lang='lat' dir='ltr'><strong>p.</strong></span> <span class='ocrx_word' id='word_1_113' title='bbox 974 1928 1035 1988; x_wconf 84' lang='lat' dir='ltr'><strong>LV.</strong></span> <span class='ocrx_word' id='word_1_114' title='bbox 1050 1925 1107 1988; x_wconf 83' lang='lat' dir='ltr'><strong>Ed.</strong></span> <span class='ocrx_word' id='word_1_115' title='bbox 1121 1924 1351 1988; x_wconf 79' lang='lat' dir='ltr'><strong>lindenbroeh.</strong></span> 
     </span>
     <span class='ocr_line' id='line_1_14' title="bbox 159 2049 1354 2130; baseline -0.003 -18"><span class='ocrx_word' id='word_1_116' title='bbox 159 2059 333 2114; x_wconf 85' lang='lat' dir='ltr'><strong>memoratu</strong></span> <span class='ocrx_word' id='word_1_117' title='bbox 352 2050 474 2130; x_wconf 79' lang='lat' dir='ltr'><strong>dignus</strong></span> <span class='ocrx_word' id='word_1_118' title='bbox 486 2069 553 2114; x_wconf 89' lang='lat' dir='ltr'><strong>esse</strong></span> <span class='ocrx_word' id='word_1_119' title='bbox 575 2049 710 2124; x_wconf 85' lang='lat' dir='ltr'><strong>videtur,</strong></span> <span class='ocrx_word' id='word_1_120' title='bbox 731 2050 848 2129; x_wconf 85' lang='lat' dir='ltr'><strong>quippe</strong></span> <span class='ocrx_word' id='word_1_121' title='bbox 862 2049 918 2128; x_wconf 87' lang='lat' dir='ltr'><strong>qui</strong></span> <span class='ocrx_word' id='word_1_122' title='bbox 933 2051 1071 2110; x_wconf 60' lang='lat' dir='ltr'><strong>&amp;aseae</strong></span> <span class='ocrx_word' id='word_1_123' title='bbox 1092 2049 1269 2111; x_wconf 73' lang='lat' dir='ltr'><strong>estatinae</strong></span> <span class='ocrx_word' id='word_1_124' title='bbox 1290 2057 1354 2110; x_wconf 63' lang='lat' dir='ltr'><strong>tras</strong></span> 
     </span>
     <span class='ocr_line' id='line_1_15' title="bbox 160 2171 1354 2255; baseline -0.002 -19"><span class='ocrx_word' id='word_1_125' title='bbox 160 2173 293 2255; x_wconf 74' lang='lat' dir='ltr'><strong>goediae</strong></span> <span class='ocrx_word' id='word_1_126' title='bbox 323 2179 357 2234; x_wconf 86' lang='lat' dir='ltr'><strong>et</strong></span> <span class='ocrx_word' id='word_1_127' title='bbox 386 2172 566 2243; x_wconf 86' lang='lat' dir='ltr'><strong>oomoediao</strong></span> <span class='ocrx_word' id='word_1_128' title='bbox 593 2171 755 2235; x_wconf 79' lang='lat' dir='ltr'><strong>historiam</strong></span> <span class='ocrx_word' id='word_1_129' title='bbox 783 2173 866 2234; x_wconf 86' lang='lat' dir='ltr'><strong>inter</strong></span> <span class='ocrx_word' id='word_1_130' title='bbox 895 2190 928 2234; x_wconf 88' lang='lat' dir='ltr'><strong>se</strong></span> <span class='ocrx_word' id='word_1_131' title='bbox 955 2171 1136 2251; x_wconf 76' lang='lat' dir='ltr'><strong>coniungat</strong></span> <span class='ocrx_word' id='word_1_132' title='bbox 1151 2187 1252 2251; x_wconf 80' lang='lat' dir='ltr'><strong>neque</strong></span> <span class='ocrx_word' id='word_1_133' title='bbox 1278 2173 1354 2234; x_wconf 89' lang='lat' dir='ltr'><strong>inde</strong></span> 
     </span>
     <span class='ocr_line' id='line_1_16' title="bbox 160 2287 1352 2377; baseline -0.003 -17"><span class='ocrx_word' id='word_1_134' title='bbox 160 2296 326 2376; x_wconf 73' lang='lat' dir='ltr'><strong>satyricam</strong></span> <span class='ocrx_word' id='word_1_135' title='bbox 340 2287 449 2376; x_wconf 85' lang='lat' dir='ltr'><strong>poesin</strong></span> <span class='ocrx_word' id='word_1_136' title='bbox 464 2297 623 2377; x_wconf 83' lang='lat' dir='ltr'><strong>seiungut;</strong></span> <span class='ocrx_word' id='word_1_137' title='bbox 645 2295 873 2376; x_wconf 77' lang='lat' dir='ltr'><strong>uniusquidem</strong></span> <span class='ocrx_word' id='word_1_138' title='bbox 887 2295 984 2358; x_wconf 86' lang='lat' dir='ltr'><strong>verba</strong></span> <span class='ocrx_word' id='word_1_139' title='bbox 998 2295 1179 2358; x_wconf 78' lang='lat' dir='ltr'><strong>haeosuut:</strong></span> <span class='ocrx_word' id='word_1_140' title='bbox 1203 2296 1352 2370; x_wconf 80' lang='lat' dir='ltr'><strong>„Etenim</strong></span> 
     </span>
     <span class='ocr_line' id='line_1_17' title="bbox 161 2419 1353 2501; baseline 0 -19"><span class='ocrx_word' id='word_1_141' title='bbox 161 2439 219 2501; x_wconf 87' lang='lat' dir='ltr'><strong>per</strong></span> <span class='ocrx_word' id='word_1_142' title='bbox 238 2421 357 2501; x_wconf 86' lang='lat' dir='ltr'><strong>priseos</strong></span> <span class='ocrx_word' id='word_1_143' title='bbox 388 2428 497 2500; x_wconf 82' lang='lat' dir='ltr'><strong>poetas</strong></span> <span class='ocrx_word' id='word_1_144' title='bbox 517 2441 598 2496; x_wconf 82' lang='lat' dir='ltr'><strong>non,</strong></span> <span class='ocrx_word' id='word_1_145' title='bbox 626 2429 663 2484; x_wconf 89' lang='lat' dir='ltr'><strong>ut</strong></span> <span class='ocrx_word' id='word_1_146' title='bbox 688 2439 787 2495; x_wconf 87' lang='lat' dir='ltr'><strong>nune,</strong></span> <span class='ocrx_word' id='word_1_147' title='bbox 818 2422 943 2500; x_wconf 89' lang='lat' dir='ltr'><strong>penitus</strong></span> <span class='ocrx_word' id='word_1_148' title='bbox 970 2419 1043 2482; x_wconf 85' lang='lat' dir='ltr'><strong>fieta</strong></span> <span class='ocrx_word' id='word_1_149' title='bbox 1071 2424 1270 2500; x_wconf 72' lang='lat' dir='ltr'><strong>argumenta,</strong></span> <span class='ocrx_word' id='word_1_150' title='bbox 1297 2419 1353 2482; x_wconf 80' lang='lat' dir='ltr'><strong>sed</strong></span> 
     </span>
     <span class='ocr_line' id='line_1_18' title="bbox 160 2543 1352 2623; baseline -0.003 -19"><span class='ocrx_word' id='word_1_151' title='bbox 160 2551 337 2623; x_wconf 76' lang='lat' dir='ltr'><strong>resgestae</strong></span> <span class='ocrx_word' id='word_1_152' title='bbox 352 2561 375 2605; x_wconf 50' lang='lat' dir='ltr'><strong>¹u</strong></span> <span class='ocrx_word' id='word_1_153' title='bbox 396 2543 518 2606; x_wconf 81' lang='lat' dir='ltr'><strong>ciuibus</strong></span> <span class='ocrx_word' id='word_1_154' title='bbox 540 2545 643 2622; x_wconf 90' lang='lat' dir='ltr'><strong>palam</strong></span> <span class='ocrx_word' id='word_1_155' title='bbox 666 2561 737 2604; x_wconf 89' lang='lat' dir='ltr'><strong>oum</strong></span> <span class='ocrx_word' id='word_1_156' title='bbox 759 2561 867 2604; x_wconf 90' lang='lat' dir='ltr'><strong>eorum</strong></span> <span class='ocrx_word' id='word_1_157' title='bbox 887 2560 1000 2622; x_wconf 85' lang='lat' dir='ltr'><strong>saepe,</strong></span> <span class='ocrx_word' id='word_1_158' title='bbox 1021 2543 1074 2622; x_wconf 88' lang='lat' dir='ltr'><strong>qui</strong></span> <span class='ocrx_word' id='word_1_159' title='bbox 1094 2550 1269 2622; x_wconf 81' lang='lat' dir='ltr'><strong>gesserunt,</strong></span> <span class='ocrx_word' id='word_1_160' title='bbox 1293 2559 1352 2601; x_wconf 89' lang='lat' dir='ltr'><strong>no-</strong></span> 
     </span>
     <span class='ocr_line' id='line_1_19' title="bbox 159 2663 1353 2743; baseline -0.005 -17"><span class='ocrx_word' id='word_1_161' title='bbox 159 2666 244 2726; x_wconf 85' lang='lat' dir='ltr'><strong>mine</strong></span> <span class='ocrx_word' id='word_1_162' title='bbox 263 2665 521 2728; x_wconf 79' lang='lat' dir='ltr'><strong>decantabantur.</strong></span> <span class='ocrx_word' id='word_1_163' title='bbox 558 2664 632 2724; x_wconf 90' lang='lat' dir='ltr'><strong>ldeo</strong></span> <span class='ocrx_word' id='word_1_164' title='bbox 647 2665 714 2742; x_wconf 88' lang='lat' dir='ltr'><strong>ipsa</strong></span> <span class='ocrx_word' id='word_1_165' title='bbox 737 2681 792 2724; x_wconf 89' lang='lat' dir='ltr'><strong>suo</strong></span> <span class='ocrx_word' id='word_1_166' title='bbox 812 2672 952 2743; x_wconf 87' lang='lat' dir='ltr'><strong>tempore</strong></span> <span class='ocrx_word' id='word_1_167' title='bbox 973 2663 1111 2724; x_wconf 83' lang='lat' dir='ltr'><strong>moribus</strong></span> <span class='ocrx_word' id='word_1_168' title='bbox 1131 2666 1261 2728; x_wconf 86' lang='lat' dir='ltr'><strong>muitum</strong></span> <span class='ocrx_word' id='word_1_169' title='bbox 1280 2681 1353 2742; x_wconf 64' lang='lat' dir='ltr'><strong>pro.-</strong></span> 
     </span>
     <span class='ocr_line' id='line_1_20' title="bbox 159 2785 1353 2865; baseline -0.001 -18"><span class='ocrx_word' id='word_1_170' title='bbox 159 2787 221 2847; x_wconf 85' lang='lat' dir='ltr'><strong>iuit</strong></span> <span class='ocrx_word' id='word_1_171' title='bbox 240 2786 391 2860; x_wconf 80' lang='lat' dir='ltr'><strong>ciuitatis,</strong></span> <span class='ocrx_word' id='word_1_172' title='bbox 407 2795 488 2847; x_wconf 61' lang='lat' dir='ltr'><strong>‘eum</strong></span> <span class='ocrx_word' id='word_1_173' title='bbox 508 2785 720 2864; x_wconf 85' lang='lat' dir='ltr'><strong>unusquisque</strong></span> <span class='ocrx_word' id='word_1_174' title='bbox 740 2793 883 2860; x_wconf 73' lang='lat' dir='ltr'><strong>paveret,</strong></span> <span class='ocrx_word' id='word_1_175' title='bbox 906 2787 1006 2865; x_wconf 81' lang='lat' dir='ltr'><strong>eulpa</strong></span> <span class='ocrx_word' id='word_1_176' title='bbox 1020 2802 1059 2846; x_wconf 87' lang='lat' dir='ltr'><strong>ne</strong></span> <span class='ocrx_word' id='word_1_177' title='bbox 1080 2786 1353 2864; x_wconf 75' lang='lat' dir='ltr'><strong>spectaculo-oae-</strong></span> 
     </span>
     <span class='ocr_line' id='line_1_21' title="bbox 151 2907 1353 2988; baseline -0.002 -18"><span class='ocrx_word' id='word_1_178' title='bbox 151 2909 237 2988; x_wconf 30' lang='lat' dir='ltr'><strong>lteris</strong></span> <span class='ocrx_word' id='word_1_179' title='bbox 263 2915 346 2972; x_wconf 85' lang='lat' dir='ltr'><strong>esset</strong></span> <span class='ocrx_word' id='word_1_180' title='bbox 374 2913 407 2970; x_wconf 85' lang='lat' dir='ltr'><strong>et</strong></span> <span class='ocrx_word' id='word_1_181' title='bbox 431 2907 600 2970; x_wconf 78' lang='lat' dir='ltr'><strong>domestico</strong></span> <span class='ocrx_word' id='word_1_182' title='bbox 627 2907 754 2987; x_wconf 85' lang='lat' dir='ltr'><strong>probro.</strong></span> <span class='ocrx_word' id='word_1_183' title='bbox 795 2908 856 2970; x_wconf 88' lang='lat' dir='ltr'><strong>Sed</strong></span> <span class='ocrx_word' id='word_1_184' title='bbox 881 2907 936 2970; x_wconf 89' lang='lat' dir='ltr'><strong>uhi</strong></span> <span class='ocrx_word' id='word_1_185' title='bbox 961 2915 1072 2988; x_wconf 85' lang='lat' dir='ltr'><strong>poetae</strong></span> <span class='ocrx_word' id='word_1_186' title='bbox 1093 2907 1353 2974; x_wconf 78' lang='lat' dir='ltr'><strong>abutilieentius</strong></span> 
     </span>
     <span class='ocr_line' id='line_1_22' title="bbox 159 3001 1353 3111; baseline -0.002 -17"><span class='ocrx_word' id='word_1_187' title='bbox 159 3029 230 3094; x_wconf 76' lang='lat' dir='ltr'><strong>etilo</strong></span> <span class='ocrx_word' id='word_1_188' title='bbox 259 3037 292 3094; x_wconf 88' lang='lat' dir='ltr'><strong>et</strong></span> <span class='ocrx_word' id='word_1_189' title='bbox 320 3001 433 3111; x_wconf 84' lang='lat' dir='ltr'><strong>passim</strong></span> <span class='ocrx_word' id='word_1_190' title='bbox 465 3029 576 3092; x_wconf 89' lang='lat' dir='ltr'><strong>ludere</strong></span> <span class='ocrx_word' id='word_1_191' title='bbox 605 3045 645 3092; x_wconf 81' lang='lat' dir='ltr'><strong>ex</strong></span> <span class='ocrx_word' id='word_1_192' title='bbox 672 3029 804 3094; x_wconf 83' lang='lat' dir='ltr'><strong>libidine</strong></span> <span class='ocrx_word' id='word_1_193' title='bbox 833 3032 1009 3111; x_wconf 82' lang='lat' dir='ltr'><strong>coepissent</strong></span> <span class='ocrx_word' id='word_1_194' title='bbox 1036 3032 1144 3111; x_wconf 88' lang='lat' dir='ltr'><strong>plures</strong></span> <span class='ocrx_word' id='word_1_195' title='bbox 1168 3031 1283 3104; x_wconf 85' lang='lat' dir='ltr'><strong>bonos,</strong></span> <span class='ocrx_word' id='word_1_196' title='bbox 1312 3045 1353 3092; x_wconf 87' lang='lat' dir='ltr'><strong>ne</strong></span> 
     </span>
     <span class='ocr_line' id='line_1_23' title="bbox 160 3152 1352 3244; baseline 0 -30"><span class='ocrx_word' id='word_1_197' title='bbox 160 3154 323 3233; x_wconf 84' lang='lat' dir='ltr'><strong>quisquam</strong></span> <span class='ocrx_word' id='word_1_198' title='bbox 337 3154 370 3215; x_wconf 92' lang='lat' dir='ltr'><strong>in</strong></span> <span class='ocrx_word' id='word_1_199' title='bbox 391 3155 523 3222; x_wconf 82' lang='lat' dir='ltr'><strong>aiterum</strong></span> <span class='ocrx_word' id='word_1_200' title='bbox 537 3170 664 3216; x_wconf 84' lang='lat' dir='ltr'><strong>carmen</strong></span> <span class='ocrx_word' id='word_1_201' title='bbox 678 3152 799 3244; x_wconf 83' lang='lat' dir='ltr'><strong>infame</strong></span> <span class='ocrx_word' id='word_1_202' title='bbox 812 3161 1018 3234; x_wconf 84' lang='lat' dir='ltr'><strong>proponeret,</strong></span> <span class='ocrx_word' id='word_1_203' title='bbox 1040 3154 1110 3234; x_wconf 79' lang='lat' dir='ltr'><strong>lege</strong></span> <span class='ocrx_word' id='word_1_204' title='bbox 1126 3154 1204 3228; x_wconf 84' lang='lat' dir='ltr'><strong>iata,</strong></span> <span class='ocrx_word' id='word_1_205' title='bbox 1226 3153 1352 3216; x_wconf 87' lang='lat' dir='ltr'><strong>siluere.</strong></span> 
     </span>
     <span class='ocr_line' id='line_1_24' title="bbox 161 3275 1350 3358; baseline -0.002 -20"><span class='ocrx_word' id='word_1_206' title='bbox 161 3275 197 3338; x_wconf 77' lang='lat' dir='ltr'><strong>et</strong></span> <span class='ocrx_word' id='word_1_207' title='bbox 216 3276 289 3339; x_wconf 85' lang='lat' dir='ltr'><strong>hine</strong></span> <span class='ocrx_word' id='word_1_208' title='bbox 303 3275 417 3344; x_wconf 80' lang='lat' dir='ltr'><strong>deinde</strong></span> <span class='ocrx_word' id='word_1_209' title='bbox 431 3276 517 3338; x_wconf 87' lang='lat' dir='ltr'><strong>aliud</strong></span> <span class='ocrx_word' id='word_1_210' title='bbox 536 3293 636 3358; x_wconf 79' lang='lat' dir='ltr'><strong>genus</strong></span> <span class='ocrx_word' id='word_1_211' title='bbox 649 3275 775 3340; x_wconf 80' lang='lat' dir='ltr'><strong>fabulae</strong></span> <span class='ocrx_word' id='word_1_212' title='bbox 795 3279 816 3338; x_wconf 92' lang='lat' dir='ltr'><strong>i.</strong></span> <span class='ocrx_word' id='word_1_213' title='bbox 832 3295 860 3340; x_wconf 86' lang='lat' dir='ltr'><strong>e.</strong></span> <span class='ocrx_word' id='word_1_214' title='bbox 877 3279 987 3340; x_wconf 83' lang='lat' dir='ltr'><strong>Satura</strong></span> <span class='ocrx_word' id='word_1_215' title='bbox 997 3307 1012 3352; x_wconf 34' lang='lat'><strong>‚¹</strong></span> <span class='ocrx_word' id='word_1_216' title='bbox 1028 3277 1157 3356; x_wconf 80' lang='lat' dir='ltr'><strong>sumpsit</strong></span> <span class='ocrx_word' id='word_1_217' title='bbox 1171 3276 1350 3348; x_wconf 70' lang='lat' dir='ltr'><strong>exordium</strong></span> 
     </span>
     <span class='ocr_line' id='line_1_25' title="bbox 162 3397 1351 3480; baseline -0.002 -20"><span class='ocrx_word' id='word_1_218' title='bbox 162 3415 243 3478; x_wconf 83' lang='lat' dir='ltr'><strong>quae</strong></span> <span class='ocrx_word' id='word_1_219' title='bbox 263 3417 280 3461; x_wconf 87' lang='lat' dir='ltr'><strong>a</strong></span> <span class='ocrx_word' id='word_1_220' title='bbox 301 3399 435 3480; x_wconf 83' lang='lat' dir='ltr'><strong>Satyris,</strong></span> <span class='ocrx_word' id='word_1_221' title='bbox 455 3417 535 3478; x_wconf 81' lang='lat' dir='ltr'><strong>quos</strong></span> <span class='ocrx_word' id='word_1_222' title='bbox 555 3401 657 3462; x_wconf 76' lang='lat' dir='ltr'><strong>iustos</strong></span> <span class='ocrx_word' id='word_1_223' title='bbox 676 3413 801 3480; x_wconf 83' lang='lat' dir='ltr'><strong>semper</strong></span> <span class='ocrx_word' id='word_1_224' title='bbox 813 3407 846 3462; x_wconf 90' lang='lat' dir='ltr'><strong>et</strong></span> <span class='ocrx_word' id='word_1_225' title='bbox 866 3401 1042 3479; x_wconf 76' lang='lat' dir='ltr'><strong>petulantes</strong></span> <span class='ocrx_word' id='word_1_226' title='bbox 1057 3397 1132 3460; x_wconf 89' lang='lat' dir='ltr'><strong>deos</strong></span> <span class='ocrx_word' id='word_1_227' title='bbox 1144 3399 1259 3460; x_wconf 87' lang='lat' dir='ltr'><strong>seimus</strong></span> <span class='ocrx_word' id='word_1_228' title='bbox 1271 3415 1351 3471; x_wconf 84' lang='lat' dir='ltr'><strong>esse,</strong></span> 
     </span>
     <span class='ocr_line' id='line_1_26' title="bbox 160 3519 1350 3600; baseline -0.005 -14"><span class='ocrx_word' id='word_1_229' title='bbox 160 3521 294 3586; x_wconf 80' lang='lat' dir='ltr'><strong>vocitata</strong></span> <span class='ocrx_word' id='word_1_230' title='bbox 316 3530 383 3596; x_wconf 85' lang='lat' dir='ltr'><strong>est3</strong></span> <span class='ocrx_word' id='word_1_231' title='bbox 407 3523 465 3586; x_wconf 84' lang='lat' dir='ltr'><strong>etsi</strong></span> <span class='ocrx_word' id='word_1_232' title='bbox 485 3523 610 3586; x_wconf 86' lang='lat' dir='ltr'><strong>aliunde</strong></span> <span class='ocrx_word' id='word_1_233' title='bbox 630 3527 745 3584; x_wconf 83' lang='lat' dir='ltr'><strong>nomen</strong></span> <span class='ocrx_word' id='word_1_234' title='bbox 765 3522 895 3584; x_wconf 84' lang='lat' dir='ltr'><strong>traxisse</strong></span> <span class='ocrx_word' id='word_1_235' title='bbox 914 3533 1012 3600; x_wconf 87' lang='lat' dir='ltr'><strong>prave</strong></span> <span class='ocrx_word' id='word_1_236' title='bbox 1031 3526 1142 3600; x_wconf 86' lang='lat' dir='ltr'><strong>putant</strong></span> <span class='ocrx_word' id='word_1_237' title='bbox 1162 3519 1224 3582; x_wconf 86' lang='lat' dir='ltr'><strong>aiii.</strong></span> <span class='ocrx_word' id='word_1_238' title='bbox 1256 3520 1350 3594; x_wconf 82' lang='lat' dir='ltr'><strong>Haeo,</strong></span> 
     </span>
     <span class='ocr_line' id='line_1_27' title="bbox 159 3640 1352 3726; baseline -0.005 -18"><span class='ocrx_word' id='word_1_239' title='bbox 159 3651 240 3725; x_wconf 74' lang='lat' dir='ltr'><strong>quae</strong></span> <span class='ocrx_word' id='word_1_240' title='bbox 269 3653 371 3726; x_wconf 87' lang='lat' dir='ltr'><strong>satyr-a</strong></span> <span class='ocrx_word' id='word_1_241' title='bbox 400 3646 525 3720; x_wconf 89' lang='lat' dir='ltr'><strong>dieitur,</strong></span> <span class='ocrx_word' id='word_1_242' title='bbox 555 3645 706 3708; x_wconf 86' lang='lat' dir='ltr'><strong>eiusmodi</strong></span> <span class='ocrx_word' id='word_1_243' title='bbox 734 3643 809 3718; x_wconf 82' lang='lat' dir='ltr'><strong>init,</strong></span> <span class='ocrx_word' id='word_1_244' title='bbox 841 3651 876 3704; x_wconf 91' lang='lat' dir='ltr'><strong>ut</strong></span> <span class='ocrx_word' id='word_1_245' title='bbox 902 3644 1016 3717; x_wconf 90' lang='lat' dir='ltr'><strong>inea,</strong></span> <span class='ocrx_word' id='word_1_246' title='bbox 1048 3642 1187 3722; x_wconf 62' lang='lat' dir='ltr'><strong>wamiis</strong></span> <span class='ocrx_word' id='word_1_247' title='bbox 1214 3640 1295 3702; x_wconf 89' lang='lat' dir='ltr'><strong>duro</strong></span> <span class='ocrx_word' id='word_1_248' title='bbox 1319 3647 1352 3705; x_wconf 86' lang='lat' dir='ltr'><strong>et</strong></span> 
     </span>
    </p>
   </div>
   <div class='ocr_carea' id='block_1_3' title="bbox 159 3748 1377 4216">
    <p class='ocr_par' dir='ltr' id='par_1_3' title="bbox 159 3748 1377 4216">
     <span class='ocr_line' id='line_1_28' title="bbox 159 3748 1352 3862; baseline -0.005 -32"><span class='ocrx_word' id='word_1_249' title='bbox 159 3767 257 3830; x_wconf 79' lang='lat' dir='ltr'><strong>vetuti</strong></span> <span class='ocrx_word' id='word_1_250' title='bbox 278 3770 393 3846; x_wconf 78' lang='lat' dir='ltr'><strong>agresti</strong></span> <span class='ocrx_word' id='word_1_251' title='bbox 413 3770 498 3843; x_wconf 81' lang='lat' dir='ltr'><strong>ioco,</strong></span> <span class='ocrx_word' id='word_1_252' title='bbox 520 3768 559 3830; x_wconf 87' lang='lat' dir='ltr'><strong>de</strong></span> <span class='ocrx_word' id='word_1_253' title='bbox 583 3769 665 3830; x_wconf 84' lang='lat' dir='ltr'><strong>vitiis</strong></span> <span class='ocrx_word' id='word_1_254' title='bbox 683 3748 803 3830; x_wconf 72' lang='lat' dir='ltr'><strong>eitiunt</strong></span> <span class='ocrx_word' id='word_1_255' title='bbox 818 3775 923 3830; x_wconf 88' lang='lat' dir='ltr'><strong>tamen</strong></span> <span class='ocrx_word' id='word_1_256' title='bbox 944 3767 1010 3829; x_wconf 89' lang='lat' dir='ltr'><strong>sine</strong></span> <span class='ocrx_word' id='word_1_257' title='bbox 1030 3768 1094 3828; x_wconf 87' lang='lat' dir='ltr'><strong>uilo</strong></span> <span class='ocrx_word' id='word_1_258' title='bbox 1113 3764 1352 3862; x_wconf 30' lang='lat' dir='ltr'><strong>proprii-nomi·</strong></span> 
     </span>
     <span class='ocr_line' id='line_1_29' title="bbox 159 3885 1351 3971; baseline -0.007 -18"><span class='ocrx_word' id='word_1_259' title='bbox 159 3889 208 3953; x_wconf 76' lang='lat' dir='ltr'><strong>uis</strong></span> <span class='ocrx_word' id='word_1_260' title='bbox 227 3889 318 3950; x_wconf 88' lang='lat' dir='ltr'><strong>titulo</strong></span> <span class='ocrx_word' id='word_1_261' title='bbox 336 3907 463 3954; x_wconf 86' lang='lat' dir='ltr'><strong>oarmeu</strong></span> <span class='ocrx_word' id='word_1_262' title='bbox 485 3899 588 3954; x_wconf 72' lang='lat' dir='ltr'><strong>esset.⁴</strong></span> <span class='ocrx_word' id='word_1_263' title='bbox 614 3891 705 3970; x_wconf 84' lang='lat' dir='ltr'><strong>Quod</strong></span> <span class='ocrx_word' id='word_1_264' title='bbox 726 3892 800 3952; x_wconf 88' lang='lat' dir='ltr'><strong>item</strong></span> <span class='ocrx_word' id='word_1_265' title='bbox 820 3906 919 3971; x_wconf 79' lang='lat' dir='ltr'><strong>genus</strong></span> <span class='ocrx_word' id='word_1_266' title='bbox 933 3887 1112 3953; x_wconf 89' lang='lat' dir='ltr'><strong>oomoediao</strong></span> <span class='ocrx_word' id='word_1_267' title='bbox 1127 3887 1230 3948; x_wconf 88' lang='lat' dir='ltr'><strong>multis</strong></span> <span class='ocrx_word' id='word_1_268' title='bbox 1249 3885 1351 3948; x_wconf 82' lang='lat' dir='ltr'><strong>obfuit</strong></span> 
     </span>
     <span class='ocr_line' id='line_1_30' title="bbox 159 4010 1351 4098; baseline -0.003 -24"><span class='ocrx_word' id='word_1_269' title='bbox 159 4013 277 4092; x_wconf 83' lang='lat' dir='ltr'><strong>poetis,</strong></span> <span class='ocrx_word' id='word_1_270' title='bbox 306 4027 377 4072; x_wconf 86' lang='lat' dir='ltr'><strong>eum</strong></span> <span class='ocrx_word' id='word_1_271' title='bbox 398 4013 430 4074; x_wconf 89' lang='lat' dir='ltr'><strong>in</strong></span> <span class='ocrx_word' id='word_1_272' title='bbox 452 4013 659 4094; x_wconf 85' lang='lat' dir='ltr'><strong>suspicionem</strong></span> <span class='ocrx_word' id='word_1_273' title='bbox 683 4013 861 4093; x_wconf 85' lang='lat' dir='ltr'><strong>potentibus</strong></span> <span class='ocrx_word' id='word_1_274' title='bbox 879 4018 999 4098; x_wconf 86' lang='lat' dir='ltr'><strong>poetae</strong></span> <span class='ocrx_word' id='word_1_275' title='bbox 1024 4011 1198 4084; x_wconf 81' lang='lat' dir='ltr'><strong>venisseut,</strong></span> <span class='ocrx_word' id='word_1_276' title='bbox 1228 4010 1351 4070; x_wconf 87' lang='lat' dir='ltr'><strong>iliorum</strong></span> 
     </span>
     <span class='ocr_line' id='line_1_31' title="bbox 160 4130 1377 4216; baseline -0.004 -20"><span class='ocrx_word' id='word_1_277' title='bbox 160 4134 243 4196; x_wconf 79' lang='lat' dir='ltr'><strong>iacta</strong></span> <span class='ocrx_word' id='word_1_278' title='bbox 272 4134 473 4216; x_wconf 78' lang='lat' dir='ltr'><strong>descripsisse</strong></span> <span class='ocrx_word' id='word_1_279' title='bbox 503 4137 536 4196; x_wconf 83' lang='lat' dir='ltr'><strong>in</strong></span> <span class='ocrx_word' id='word_1_280' title='bbox 567 4133 657 4216; x_wconf 86' lang='lat' dir='ltr'><strong>peius</strong></span> <span class='ocrx_word' id='word_1_281' title='bbox 686 4153 723 4198; x_wconf 88' lang='lat' dir='ltr'><strong>ao</strong></span> <span class='ocrx_word' id='word_1_282' title='bbox 753 4135 943 4198; x_wconf 76' lang='lat' dir='ltr'><strong>deformasse</strong></span> <span class='ocrx_word' id='word_1_283' title='bbox 972 4149 1072 4216; x_wconf 80' lang='lat' dir='ltr'><strong>genus</strong></span> <span class='ocrx_word' id='word_1_284' title='bbox 1097 4132 1166 4195; x_wconf 85' lang='lat' dir='ltr'><strong>stilo</strong></span> <span class='ocrx_word' id='word_1_285' title='bbox 1193 4130 1347 4192; x_wconf 78' lang='lat' dir='ltr'><strong>carminis.</strong></span> <span class='ocrx_word' id='word_1_286' title='bbox 1370 4155 1377 4167; x_wconf 73' lang='lat'><strong><em>¹</em></strong></span> 
     </span>
    </p>
   </div>
   <div class='ocr_carea' id='block_1_4' title="bbox 160 4254 1351 4464">
    <p class='ocr_par' dir='ltr' id='par_1_4' title="bbox 160 4254 1351 4464">
     <span class='ocr_line' id='line_1_32' title="bbox 161 4254 1347 4340; baseline -0.005 -22"><span class='ocrx_word' id='word_1_287' title='bbox 161 4256 258 4336; x_wconf 79' lang='lat' dir='ltr'><strong>Quod</strong></span> <span class='ocrx_word' id='word_1_288' title='bbox 273 4258 374 4338; x_wconf 87' lang='lat' dir='ltr'><strong>primo</strong></span> <span class='ocrx_word' id='word_1_289' title='bbox 387 4258 522 4323; x_wconf 81' lang='lat' dir='ltr'><strong>uneffius</strong></span> <span class='ocrx_word' id='word_1_290' title='bbox 535 4275 615 4322; x_wconf 82' lang='lat' dir='ltr'><strong>novo</strong></span> <span class='ocrx_word' id='word_1_291' title='bbox 629 4260 812 4340; x_wconf 80' lang='lat' dir='ltr'><strong>conseripsit</strong></span> <span class='ocrx_word' id='word_1_292' title='bbox 825 4258 933 4332; x_wconf 87' lang='lat' dir='ltr'><strong>modo,</strong></span> <span class='ocrx_word' id='word_1_293' title='bbox 956 4263 991 4320; x_wconf 89' lang='lat' dir='ltr'><strong>ut</strong></span> <span class='ocrx_word' id='word_1_294' title='bbox 1010 4258 1118 4336; x_wconf 88' lang='lat' dir='ltr'><strong>poesin</strong></span> <span class='ocrx_word' id='word_1_295' title='bbox 1130 4255 1206 4318; x_wconf 86' lang='lat' dir='ltr'><strong>inde</strong></span> <span class='ocrx_word' id='word_1_296' title='bbox 1216 4254 1347 4325; x_wconf 83' lang='lat' dir='ltr'><strong>inseret,</strong></span> 
     </span>
     <span class='ocr_line' id='line_1_33' title="bbox 160 4361 1351 4464; baseline -0.004 -23"><span class='ocrx_word' id='word_1_297' title='bbox 160 4379 182 4442; x_wconf 90' lang='lat' dir='ltr'><strong>i.</strong></span> <span class='ocrx_word' id='word_1_298' title='bbox 197 4397 227 4443; x_wconf 86' lang='lat' dir='ltr'><strong>s.</strong></span> <span class='ocrx_word' id='word_1_299' title='bbox 248 4381 341 4464; x_wconf 81' lang='lat' dir='ltr'><strong>unius</strong></span> <span class='ocrx_word' id='word_1_300' title='bbox 360 4381 507 4446; x_wconf 86' lang='lat' dir='ltr'><strong>earmiuis</strong></span> <span class='ocrx_word' id='word_1_301' title='bbox 526 4383 630 4461; x_wconf 84' lang='lat' dir='ltr'><strong>ptores</strong></span> <span class='ocrx_word' id='word_1_302' title='bbox 650 4361 767 4447; x_wconf 78' lang='lat' dir='ltr'><strong>libros..</strong></span> <span class='ocrx_word' id='word_1_303' title='bbox 799 4383 863 4444; x_wconf 82' lang='lat' dir='ltr'><strong>iiee</strong></span> <span class='ocrx_word' id='word_1_304' title='bbox 887 4381 995 4462; x_wconf 74' lang='lat' dir='ltr'><strong>igitur,</strong></span> <span class='ocrx_word' id='word_1_305' title='bbox 1016 4397 1078 4459; x_wconf 87' lang='lat' dir='ltr'><strong>quo</strong></span> <span class='ocrx_word' id='word_1_306' title='bbox 1101 4394 1195 4458; x_wconf 89' lang='lat' dir='ltr'><strong>supra</strong></span> <span class='ocrx_word' id='word_1_307' title='bbox 1217 4374 1351 4437; x_wconf 75' lang='lat' dir='ltr'><strong>diximus</strong></span> 
     </span>
    </p>
   </div>
   <div class='ocr_carea' id='block_1_5' title="bbox 0 0 1648 5124">
    <p class='ocr_par' dir='ltr' id='par_1_5' title="bbox 0 0 1648 5124">
     <span class='ocr_line' id='line_1_34' title="bbox 0 0 1648 5124; baseline 0 0"><span class='ocrx_word' id='word_1_308' title='bbox 0 0 1648 5124; x_wconf 95' lang='lat' dir='ltr'><strong> </strong></span> 
     </span>
    </p>
   </div>
  </div>
 </body>
</html>
