3242 5138
502 417 754 479 [terremotus
774 407 996 476 LUGlLIANlS.
1280 435 1351 478 mm

161 570 204 630 ris
223 533 265 630 ct
292 567 634 646 dignitatis-iacturam
664 565 786 626 lecerit.
827 565 969 643 Denique
1000 571 1032 626 et
1061 564 1188 624 barbari
1218 563 1352 624 hominis

162 690 279 762 mentio
299 689 345 762 fit,
372 688 448 761 Coti,
471 685 625 748 Thraciae
645 687 739 764 regis,
762 694 797 748 ut
817 685 952 758 videtur,
977 686 1351 764 quodnonrenThraoiae

162 812 279 892 regulis
308 809 369 874 tam
391 825 554 881 commune
575 809 634 870 luit
657 826 748 886 quarn
769 808 956 870 Parthorum
977 807 1103 887 regibus
1124 825 1236 868 nomen
1262 810 1353 868 Arsa-

163 935 254 996 cidis.
292 935 368 996 Nam
393 939 425 993 et
442 931 634 1010 Odrysarum
656 947 729 1003 rex,
756 927 891 1002 Seuthae
911 929 1008 1002 filius,
1037 931 1090 1006 qui
1116 902 1258 990 aPersei
1280 947 1353 1008 par-
1407 996 1414 1006 ι

163 1056 247 1118 tibus
276 1054 392 1126 stabat,
413 1049 703 1125 commemoratur,
735 1053 800 1118 Liv.
822 1052 913 1111 XLll.
929 1051 976 1112 Aa.
993 1051 1107 1113 beon
1122 1052 1178 1115 67.
1201 1059 1233 1114 et
1262 1053 1353 1113 alteri

162 1179 262 1256 Cotyi,
286 1175 439 1238 Thraciae
453 1176 573 1254 regulo,
598 1146 638 1239 ob
653 1175 801 1236 auxilium
815 1174 962 1252 Pompeio
975 1175 1083 1247 lat-um,
1105 1185 1234 1234 munera
1248 1175 1349 1249 missa.

165 1297 353 1360 Freinshem.
385 1297 543 1376 Supplom.
575 1297 700 1358 CXI..8.
724 1298 810 1358 Caes.
835 1297 869 1356 ll.
893 1297 956 1356 Civ.
984 1298 1033 1355 lll.
1055 1298 1084 1356 lt.
1109 1297 1247 1370 Tertius,
1281 1298 1352 1356 Bes-

165 1437 268 1481 sorum
285 1414 728 1497 rcx,'Calpuruium.Pisoncur
742 1419 962 1482 Proconsulcm
977 1435 1052 1478 auro
1067 1421 1220 1498 corrupit,
1242 1420 1305 1497 Cic.
1320 1419 1353 1479 in
1422 1397 1423 1404 ἵ

166 1542 268 1620 Piscn.
284 1541 331 1602 sl.
344 1542 393 1602 dl.
418 1540 507 1619 Apud
529 1540 778 1612 Luciliumhaud
799 1540 893 1602 dubie
913 1541 1030 1620 primus
1048 1541 1278 1622 intelligendus,
1301 1543 1353 1619 qui

164 1664 262 1742 magis
283 1681 399 1742 genere
421 1680 513 1740 quam
533 1663 671 1738 moribus
698 1661 803 1724 Thrax
830 1663 898 1724 luit.
921 1663 978 1722 clr.
1002 1664 1065 1723 liv.
1090 1665 1193 1730 lllAll.
1216 1666 1260 1722 lt.x
1284 1664 1352 1740 Quo

165 1801 234 1845 cnm
256 1803 332 1864 rege
346 1787 474 1864 eiusque
487 1787 702 1858 maioribus-et
717 1793 809 1864 gente
822 1785 976 1848 Thracum
992 1786 1107 1862 populo
1127 1789 1264 1847 Romano
1278 1787 1354 1845 ami-

165 1909 238 1968 citia
251 1909 327 1982 luit,
350 1911 439 1970 cuius
452 1910 600 1968 memoria
621 1908 697 1968 ttius
709 1909 792 1988 regis
806 1907 887 1968 lilius
901 1913 931 1968 et
948 1908 1080 1981 obsides,
1090 1963 1092 1968 ,
1103 1910 1218 1980 Perseo
1230 1906 1353 1967 devicto

165 2031 235 2090 sine
255 2030 458 2091 redemtionis
479 2030 580 2108 pretio
606 2029 650 2105 illi
680 2030 799 2091 remissi
825 2037 906 2097 sunt.
957 2030 1013 2089 Cui
1039 2029 1122 2090 bello
1141 2029 1219 2105 lcum
1249 2030 1352 2108 Scipio

164 2153 287 2212 iuvenis
307 2151 515 2226 interfuisset,
548 2152 640 2220 facile
658 2151 727 2213 fieri
748 2153 865 2230 potuit,
893 2159 928 2214 ut
951 2153 1027 2212 illud
1050 2153 1114 2212 Coti
1139 2151 1353 2230 (sive-Cotyis)

164 2272 281 2335 dictum
302 2274 585 2354 percrebresceret.
628 2274 688 2342 Sed
720 2282 755 2336 ut
779 2277 871 2336 Cotus
890 2294 946 2337 rex
967 2274 1123 2355 prioribus
1143 2275 1353 2358 adnumeran-

165 2395 223 2475 dus
244 2403 306 2469 est,
334 2396 380 2458 lta
400 2396 568 2458 adhucilii
589 2405 724 2459 aetatem
740 2395 955 2458 illustrandam
976 2398 1020 2457 nil
1042 2399 1135 2477 plane
1156 2397 1275 2458 faciunt
1295 2415 1353 2458 no·

164 2519 258 2594 mina,
278 2518 408 2598 quaead
422 2509 549 2581 heroica
564 2527 596 2580 et
607 2517 745 2598 mythice
759 2527 899 2598 tempora
913 2520 1088 2598 pertinent3
1110 2539 1171 2598 quo
1181 2521 1213 2580 in
1224 2537 1354 2588 numero

164 2641 347 2713 Deucalion,
370 2642 537 2713 Alcmena,
555 2640 650 2712 Leda,
672 2643 786 2701 ixionis
802 2659 891 2712 uxor,
913 2643 1005 2719 Tyro,
1030 2642 1187 2714 Tantalus,
1210 2643 1353 2713 Tiresias,

166 2762 280 2833 Ulixes,
296 2763 519 2840 Agamemnon,
539 2762 846 2839 praetereadearum
861 2762 996 2834 nomina,
1012 2760 1189 2839 Tisiphone,
1212 2763 1356 2822 Eumeni·
1468 2844 1475 2852 ι

166 2880 232 2954 des,
246 2883 475 2954 etTcrriculae,
491 2883 624 2952 Lamiae,
641 2883 749 2956 Fauni,
764 2883 875 2962 Pytho,
889 2887 1058 2956 Lavernae,
1075 2887 1179 2944 illusae
1190 2882 1355 2946 habendae

165 3011 263 3094 sunt.
289 3005 388 3065 liliam
407 3005 587 3083 Penelopen
605 3004 797 3086 significasse
820 3007 956 3067 videtur.
979 3025 1011 3085 p.
1027 3007 1076 3067 [ιδ.
1091 3007 1122 3067 5.
1150 3007 1238 3084 Quae
1253 3007 1355 3066 omnia

166 3134 201 3188 ut
215 3127 255 3188 ab
268 3126 328 3188 illis
340 3127 534 3206 temporibus
544 3095 722 3206 longissime
738 3129 861 3200 absunt,
877 3131 920 3190 ita
935 3129 973 3191 ad
985 3136 1159 3191 saturarum
1174 3135 1355 3208 argumenta

165 3247 354 3310 declaranda
376 3249 535 3336 pertinere
554 3267 645 3312 nemo
665 3245 797 3312 dubitat.
839 3251 983 3312 Eiusdem
1008 3254 1132 3330 generis
1156 3259 1229 3312 sunt
1254 3254 1355 3313 omnia

166 3369 377 3451 geographica
406 3372 547 3446 nomine,
572 3390 652 3450 quae
680 3375 829 3452 pleneque
854 3374 889 3433 in
914 3374 1006 3434 tertia
1036 3381 1355 3435 satura'commemo-

162 3493 263 3566 'ravit,
282 3492 348 3552 -uhi
374 3494 437 3554 lter
462 3487 599 3554 Siculum
625 3501 692 3554 erat
721 3495 933 3572 descriptum3
964 3512 1025 3571 quo
1053 3496 1212 3573 pertinent
1239 3497 1353 3572 Capua,

164 3615 344 3687 Salernum,
368 3613 590 3688 Dicaearchia,
612 3615 767 3688 Setinum,
790 3615 923 3686 Silarus,
947 3618 1105 3688 Messana,
1128 3617 1274 3694 Liparae,
1298 3621 1356 3676 lla·

167 3735 318 3810 linururn,
348 3734 403 3800 sed
423 3737 483 3798 alio
502 3743 627 3816 spectat
648 3738 963 3802 terraesardinensts
984 3745 1016 3798 et
1035 3717 1162 3811 lberae,
1191 3748 1355 3820 praeterea

168 3855 287 3928 Rhodi,
310 3829 502 3933 Ecbatauae,
527 3841 708 3940 Babylonis,
735 3861 880 3942 Apuliae,
905 3861 1012 3921 ltaliae
1033 3861 1177 3922 etmaris
1198 3859 1357 3940 Carpathii

165 3981 429 4043 commemoratio.
460 3985 568 4061 Neque
582 4000 621 4044 ex
635 3994 796 4058 servorum
817 3991 854 4048 et.
869 3984 1063 4062 plebeiorum
1079 3984 1257 4058 ,homiuum
1280 3991 1357 4061 quo-¹

166 4120 237 4164 rum
253 4104 338 4164 nulla
359 4103 474 4165 adnos
493 4107 638 4184 pervenit
658 4106 778 4182 notitia,
804 4103 980 4172 nominibus
1001 4107 1077 4166 certi
1100 4106 1215 4184 aliquid
1242 4107 1356 4166 consti-

167 4232 256 4296 tuas;
276 4243 317 4287 ex
336 4244 400 4304 quo
420 4243 536 4305 genere
558 4236 633 4291 sunt
651 4230 796 4301 Gentilis‚
819 4229 966 4301 Macedo,
991 4229 1080 4289 Caius
1095 4230 1214 4292 Cassius
1237 4227 1353 4299 Celalo,

168 4349 328 4412 Brouchus
357 4349 476 4420 lanius,
502 4351 715 4428 Symmachus¹
733 4353 904 4426 bubulcus,
936 4353 1101 4414 Columella
1124 4348 1353 4428 Metrophanes,
