3242 5138
458 459 460 464 ·
515 435 565 492 DE
584 433 767 492 PERSONIS
786 432 1008 492 LUGlLlANIS.
1322 451 1359 491 xv
1455 433 1459 441 '

169 586 322 662 industria
343 581 517 644 celebrasse
537 584 724 661 putaverim.
760 582 840 668 *Nam
862 588 892 642 et
911 581 1094 642 immodicae
1115 582 1222 644 laudes
1245 589 1276 642 ct
1303 599 1357 643 ac-

157 715 279 776 curata
302 723 408 767 rerum
426 704 609 764 bellicarum
629 704 780 783 expositio
801 719 818 764 a
836 703 997 764 liberrimo
1008 691 1090 765 illius
1109 703 1313 784 viriingcnic
1328 712 1360 766 et

167 831 211 910 ,ab
243 828 389 890 orationis
421 827 588 888 festivitate
618 827 709 891 nimis
736 832 885 904 quantum
920 827 1159 888 abhorruerunt.
1206 827 1311 903 Quare
1342 845 1360 886 c

173 953 270 1026 tantis.
286 951 389 1021 rebus,
412 967 488 1026 quas
509 949 626 1020 retulit,
648 949 742 1030 flores
755 947 846 1017 modo
868 965 939 1008 eum
959 947 1152 1026 decerpsisse
1172 949 1357 1026 putaverim,

174 1074 254 1148 etsi
273 1088 352 1150 quae
372 1071 470 1132 fusius
485 1077 669 1164 persecutus
684 1076 776 1147 erat,
789 1071 880 1148 quale
895 1069 1023 1134 deorum
1038 1069 1213 1142 concilium,
1230 1070 1268 1130 dc
1283 1069 1371 1149 Lupi·

175 1195 296 1254 iniuriis
323 1193 488 1265 habitum,
516 1192 610 1268 fuisse
632 1191 788 1271 existimo,
817 1193 947 1260 multum
976 1192 1048 1252 salis
1078 1189 1259 1268 adspersum
1289 1191 1360 1250 fuit

171 1301 289 1388 Lucilio
311 1321 415 1376 autem
436 1333 498 1396 non
517 1313 549 1374 id
572 1315 667 1376 fuisse
687 1313 898 1396 propositum,
923 1320 1027 1374 utres
1053 1330 1070 1372 a
1091 1314 1234 1392 Scipione
1255 1315 1359 1374 lenia

172 1439 254 1498 lianc
284 1443 387 1516 gestas
414 1404 628 1500 illustrandas.
643 1437 829 1515 susciperet,
861 1436 898 1498 io
923 1453 962 1496 ex
987 1435 1097 1516 ipsius
1112 1436 1228 1520 Horatii
1257 1435 1361 1498 verbis

172 1560 366 1646 intelligitur,
389 1560 442 1636 qui
452 1577 540 1633 ¹cunr
552 1559 682 1638 Augusti
709 1577 761 1620 ros
780 1559 924 1620 scribere*
946 1566 1136 1632 recusasset,
1164 1566 1268 1621 tamea
1295 1560 1361 1620 cius
1425 1527 1426 1530 Ἴ

172 1683 320 1756 iustitiam
343 1689 435 1760 atque
459 1681 855 1766 fortitudinemcclebrare
875 1681 1002 1746 iubetur
1021 1693 1057 1740 'a'
1071 1681 1226 1742 Trebatio.
1270 1680 1360 1757 Quod

173 1803 299 1880 quidem
319 1820 336 1863 a
360 1802 477 1866 Lucilio
497 1802 609 1881 passim
629 1777 879 1872 taetamtut'ssa
902 1801 956 1860 ubi
976 1819 1026 1862 res
1047 1809 1078 1860 et
1098 1809 1220 1880 tempus
1234 1821 1362 1862 monue-

167 1924 227 2011 rit,
250 1923 324 2002 ipsis
343 1923 527 2002 fragmentis
546 1922 621 1982 satis
639 1921 849 1983 confirmetur.
892 1924 984 1984 Cuius
1009 1918 1056 1983 rei
1082 1923 1256 2002 saepiussi
1275 1924 1361 1983 locus

175 2043 266 2104 datus
288 2050 350 2116 est,
379 2044 461 2122 quod
482 2045 584 2123 Scipio
604 2044 793 2114 Aemilianus
813 2062 884 2105 cum
904 2044 1000 2105 rebus
1026 2045 1121 2126 gestis
1146 2039 1265 2116 claru's,
1297 2018 1365 2106 tum

175 2184 238 2226 non
257 2166 552 2242 minorem'laudem
572 2165 693 2227 facetiis
714 2173 806 2245 atque
822 2165 951 2258 ‚dicendi
979 2169 1085 2245 lepore
1111 2167 1193 2226 iuter
1218 2167 1364 2245 aequales

176 2289 306 2368 adeptus
339 2295 395 2364 cst.
438 2292 481 2348 ux
508 2287 568 2349 boc
599 2296 807 2368 gemmeum,
837 2276 977 2368 qucd'p.
994 2290 1041 2350 fb.
1058 2291 1107 2353 fb.
1130 2289 1285 2364 laudatur,
1308 2289 1363 2352 ubi

177 2427 242 2474 rem
264 2411 380 2491 tangit,
400 2429 491 2489 quam
512 2411 623 2484 ,Cicero
645 2410 684 2472 dc
703 2411 756 2473 Or.
774 2413 812 2479 ll.
827 2411 958 2472 touta.
982 2418 1013 2473 et
1035 2413 1178 2472 Aurelius
1199 2413 1304 2473 Victor
1324 2412 1363 2473 de

177 2518 242 2592 Vir.
262 2533 374 2595 illustr.
390 2534 448 2598 58..
461 2539 696 2596 enarraverunt.
739 2534 832 2592 blulta
857 2533 937 2593 enim
961 2539 1052 2594 acute
1071 2535 1122 2594 vel
1146 2533 1249 2596 iocose
1269 2534 1362 2606 dicta,

177 2655 380 2732 quae.Ciccro
392 2654 425 2712 in
437 2654 525 2713 libris
540 2653 578 2716 de
593 2654 647 2713 Or.
664 2659 894 2724 commemorat,
912 2671 956 2713 ex
969 2655 1086 2714 Lucilio
1098 2653 1208 2716 hausta
1221 2673 1288 2716 esse
1302 2673 1364 2734 pu-

179 2775 320 2844 taverim.
367 2775 473 2848 Neque
493 2773 614 2832 silentio
635 2772 878 2850 praetermisisse
898 2744 1036 2844 videtur,
1072 2775 1207 2856 siquae
1236 2776 1268 2834 in
1297 2777 1364 2852 ipsc

178 2895 322 2973 Scipione
341 2895 442 2954 minus
463 2893 623 2972 probanda
642 2894 670 2956 ei
692 2893 889 2968 videbantur,
910 2894 966 2955 scd
989 2903 1025 2955 ut
1045 2896 1176 2962 bominis
1196 2897 1291 2958 faceti
1305 2905 1362 2971 est,

177 3033 238 3076 non
261 3015 466 3076 deridendum
486 3014 611 3092 quidem
632 3017 764 3075 amicum
786 3018 968 3095 aequalibus
989 3017 1185 3100 propinavit,
1214 3019 1268 3081 sed
1286 3037 1365 3080 eun-

177 3137 248 3212 dem
273 3138 501 3206 leniirrisionc
532 3139 693 3200 cavillatus
719 3146 776 3201 est.
825 3141 871 3202 lta
901 3140 1011 3219 fragm.
1033 3141 1094 3201 inc.
1116 3142 1145 3201 7.
1174 3141 1364 3219 peculiarem

178 3260 330 3339 Scipionis
349 3237 870 3344 pronuntiationem'vocabulorum
889 3263 1076 3341 redcrpuisse
1091 3270 1122 3323 ct
1133 3265 1280 3341 pertisum
1294 3265 1365 3322 irri-

177 3383 234 3454 sit,
265 3382 347 3461 quod
376 3384 429 3444 ille
459 3384 642 3444 tenuitatem
668 3385 977 3462 quandam‘sccutas
1005 3401 1073 3446 esse
1101 3384 1242 3456 videtur,
1272 3402 1364 3462 quam

178 3504 385 3568 Grammatici
398 3506 544 3566 etiamin
565 3506 640 3567 lulio
661 3507 792 3567 Caesare
812 3512 979 3578 notarunt,
1002 3507 1055 3583 qui
1077 3507 1239 3575 lacrimae,
1261 3509 1364 3566 mcci-

178 3643 263 3698 ruus,
284 3599 459 3700 momordi,
475 3631 606 3708 pcpopf,
628 3627 806 3705 spcspcada‘,
829 3628 1034 3710 mancipium,
1057 3629 1228 3706 occipiunt,
1258 3630 1364 3689 ‘maui-

178 3747 262 3818 bt'cc‚
283 3750 401 3826 primus
423 3749 582 3830 scripsisse
604 3755 759 3808 narratur.
785 3748 843 3809 cfr.
867 3749 1057 3811 Cassioque
1078 3747 1170 3812 Orth.
1196 3751 1260 3811 Col.
1276 3751 1362 3812 aab&

178 3869 297 3940 Charis.
321 3872 342 3930 l.
369 3873 392 3931 l.
412 3871 534 3934 ccliiii.
558 3872 624 3932 Vel.
648 3874 743 3950 Lcng.
764 3873 788 3933 l.
803 3873 832 3932 7.
849 3872 897 3932 95.
921 3871 1033 3968 ¹„quid
1057 3871 1158 3934 dicam
1186 3874 1313 3934 cortices
1334 3880 1366 3934 et

178 4008 286 4076 vorsus
306 3998 471 4082 ceteraque
492 3993 531 4068 ad
552 3967 685 4066 cundem
706 3992 848 4067 modum,
874 4011 953 4072 quae
974 3995 1073 4072 prima
1093 3995 1195 4074 Scipio
1215 3997 1247 4055 in'
1272 3997 1365 4054 lllit-

179 4123 277 4174 teram
305 4113 473 4178 secundam
500 4111 630 4177 vertisse
659 4115 822 4177 diciturl”
854 4116 912 4178 cfr.
936 4116 981 4176 ld.
1005 4119 1027 4180 l.
1043 4117 1071 4176 7.
1085 4117 1136 4180 25.
1169 4117 1266 4195 quidt
1282 4163 1283 4170 .
1298 4119 1364 4178 Non

180 4237 253 4296 Cato
268 4237 431 4298 Cerrsorius
451 4224 550 4308 dicatu
566 4245 597 4300 et
611 4238 744 4316 fociant,
767 4241 862 4328 dicem
880 4245 911 4300 et
931 4237 1042 4318 facient
1056 4241 1202 4331 scripsit?
1229 4239 1365 4316 Quibus-

179 4375 250 4418 cum
279 4359 468 4420 confercnda
502 4369 588 4433 sunt,
630 4380 709 4440 quac
740 4364 779 4424 de
810 4363 1061 4441 pronuntiatione
1091 4362 1235 4425 vocabuli
1260 4368 1364 4442 pretor
