3290 5130
294 476 370 518 ,cxxx
677 453 726 510 DE
747 451 945 509 ORATlONE
963 449 1111 508 LUGlLll.

298 601 493 682 δυνάστης,
527 602 587 661 iuro
621 601 778 678 integrum
811 615 936 660 versum
969 616 1008 660 ex
1043 596 1181 676 Odyssea
1214 598 1326 676 satyris
1362 599 1497 659 intexuit

299 727 380 786 XlV.
395 725 425 785 5.
443 725 481 796 νς
506 722 530 806 ἤ
550 723 656 788 πᾶσιν
676 719 836 786 νεκύεσσι
857 711 1169 804 καταφθιμένοισιν
1187 716 1364 784 ἀνάσσειν.
1405 741 1410 746 ·

377 846 437 907 Sed
464 847 557 906 etiam
591 847 624 906 in
660 845 767 906 formis
795 843 1009 906 Grammaticis
1039 840 1150 916 babet,
1189 859 1298 922 quoa
1325 842 1494 906 serioribus

299 968 506 1048 scriptoribus
528 967 641 1028 diflert.
681 967 818 1028 Primum
846 965 929 1026 enim
949 966 982 1024 in
1002 965 1128 1026 Graecis
1147 965 1373 1026 transferendis
1395 983 1495 1045 genus

301 1092 431 1152 retinuit
449 1093 482 1151 in
501 1089 658 1174 χάρτης,·
676 1087 774 1149 habet
797 1088 899 1148 enim:
922 1077 1070 1148 Socratici
1090 1088 1189 1148 oborti
1208 1103 1240 1165 p.
1255 1085 1305 1146 titt.
1319 1083 1372 1159 l0;
1393 1085 1454 1146 alla
1476 1105 1493 1148 e

301 1215 421 1274 Graeco
435 1214 467 1271 in
488 1212 626 1272 Latinam
648 1212 820 1284 transtulit,
842 1209 944 1288 qualia
959 1216 1048 1280 sunt,
1069 1226 1257 1289 pooprocua,
1278 1216 1439 1280 orutoeoo,
1461 1216 1493 1270 et

298 1335 407 1414 paucis
426 1331 540 1394 litteris
560 1334 706 1406 mutatis,
730 1335 846 1411 copiae
868 1348 886 1391 a
906 1329 1074 1416 σννάγχη,
1094 1348 1187 1409 aquo
1200 1329 1325 1408 quidem
1339 1329 1493 1392 vocabulo

297 1459 440 1536 *anquina
461 1474 517 1534 pro
539 1471 653 1514 ancora
674 1455 766 1535 plane
787 1454 910 1515 diversa
932 1467 998 1514 esse
1013 1453 1154 1524 videtur3
1175 1419 1339 1531 praeterea
1360 1453 1492 1513 tibicina

294 1577 339 1639 ad
364 1578 535 1658 analogiam
558 1595 626 1640 voc.
647 1578 790 1656 poricido
818 1575 973 1648 formata3
1001 1573 1146 1655 lucifopo
1165 1581 1201 1636 ut
1227 1574 1360 1654 persepe
1380 1574 1491 1636 eodem

297 1717 390 1762 sensu
411 1719 472 1779 quo
493 1699 626 1762 tunebrio
647 1708 679 1762 et
698 1701 826 1772 oebal03
845 1699 929 1779 quod
950 1697 1075 1776 quidem
1095 1697 1322 1759 substantivum
1342 1713 1379 1757 ee
1393 1697 1491 1775 magis

293 1823 472 1896 insolitum,
506 1822 589 1901 quod
611 1829 642 1882 et
662 1822 851 1886 adiectivum
882 1821 1038 1900 lucifupus
1068 1820 1151 1900 apud
1180 1820 1337 1881 Lucilium·
1360 1820 1487 1898 legitur.

297 1945 396 2002 Etiam
416 1942 533 2003 moltbo
560 1939 765 2018 probamina
792 1943 967 2003 effeminato
993 1943 1034 2003 ab
1060 1960 1097 2003 eo
1118 1942 1251 2021 primum
1276 1940 1393 2002 dietum
1418 1955 1488 2002 esse

297 2063 431 2136 videtur,
460 2062 542 2124 unde
574 2064 717 2124 Horatius
746 2063 854 2122 linxit:
886 2065 1074 2137 Moltba'ous3
1106 2062 1172 2136 boo,
1204 2073 1286 2154 tomo
1308 2083 1325 2126 e
1345 2081 1487 2127 sermone

297 2185 418 2266 vulgari
444 2186 541 2264 petita
571 2184 626 2246 sed
653 2192 685 2246 et
711 2186 778 2263 ipsa
801 2187 937 2246 Graecae
957 2185 1086 2263 originis
1103 2199 1171 2246 esse
1191 2185 1349 2247 videntur.
1391 2186 1489 2246 litium

295 2306 415 2366 carison
437 2322 494 2382 pro
514 2306 585 2365 lena
605 2305 657 2365 vix
677 2305 760 2384 apud
781 2307 875 2365 alium
895 2293 1079 2384 scriptorem
1099 2307 1224 2385 legitur.
1266 2307 1327 2368 Sed
1345 2307 1489 2386 inprimis

295 2426 496 2487 memorabile
529 2426 654 2488 videtur
683 2427 868 2487 vocabulum
899 2444 1029 2506 coepero
1060 2425 1101 2487 do
1130 2444 1192 2504 quo
1221 2429 1306 2488 Rost.
1336 2429 1488 2504 opuscula

296 2552 444 2642 Plautina
461 2551 540 2611 baec
566 2549 662 2610 habet
680 2552 766 2610 Tum.
783 2550 805 2609 l.
832 2567 863 2628 p.
879 2549 946 2610 285.
980 2549 1050 2622 „At
1076 2547 1234 2608 enimvero
1260 2545 1392 2608 formam
1414 2566 1489 2627 per·

295 2673 420 2734 tractati
439 2672 585 2734 vocabuli
606 2671 840 2751 (cooperroaes)
861 2672 991 2732 aliorum
1005 2670 1134 2730 arbitrio
1154 2669 1247 2732 facile
1266 2671 1485 2749 permittimus,

293 2796 446 2874 originem
467 2802 572 2855 nostro
592 2793 707 2854 indicio
730 2800 864 2866 tuemur,
892 2792 986 2853 etiam
1013 2799 1122 2852 contra
1150 2785 1219 2865 eos,
1251 2793 1325 2870 qui,
1350 2799 1384 2852 ut
1411 2813 1485 2856 ισιι-

293 2935 435 2996 perroacs
462 2933 480 2976 a
507 2916 606 2994 gerris
629 2915 728 2975 dictos
753 2931 822 2974 esse
848 2914 991 2987 vincant,
1019 2914 1128 2975 Lucilii
1148 2913 1364 2975 auctoritatem
1381 2915 1487 2979 verbis

293 3043 474 3114 opponunt:
498 3036 586 3096 cuius
606 3034 686 3096 baec
706 3035 803 3096 verba
825 3051 841 3095 a
861 3036 950 3096 Festo
971 3034 1170 3097 referuntur:
1202 3037 1364 3114 Topullom
1384 3039 1486 3098 rident

292 3160 387 3236 lepcm
407 3175 569 3237 coopcrroe
590 3157 703 3235 Opimi.
745 3157 845 3234 Quam
866 3155 962 3218 debili
982 3156 1065 3218 enim
1086 3165 1118 3219 et
1136 3157 1222 3219 inani
1243 3165 1371 3220 utantur
1389 3173 1485 3238 argir-

291 3286 406 3353 mento‚
437 3280 487 3340 vel
519 3297 557 3340 ex
586 3286 685 3340 metro
713 3279 898 3359 intelligitur
923 3279 1007 3358 quod
1036 3277 1179 3342 constare
1208 3298 1270 3342 non
1298 3285 1400 3362 potest
1424 3282 1482 3341 nisi

290 3402 396 3480 legas:

523 3559 554 3572 -
581 3559 612 3571 —
636 3527 798 3604 Tapulla'm
818 3526 923 3596 rident
938 3527 1039 3604 legem
1060 3543 1214 3605 congeras

520 3645 635 3722 Opimi.

289 3763 430 3824 Potuisse
450 3771 554 3826 autern
577 3765 712 3826 cundem
734 3765 892 3830 bominem
913 3776 944 3830 et
963 3787 1159 3848 coapcroacoa
1181 3777 1214 3831 et
1242 3787 1402 3849 cooperato
1422 3787 1480 3850 ap-

288 3885 400 3964 pellari
419 3887 661 3966 posteriorisque
682 3888 800 3968 figurae
813 3905 922 3954 vocem
936 3891 978 3952 ad
993 3891 1225 3954 similitudinem
1239 3892 1369 3955 aliorum
1382 3891 1481 3954 nomi*

288 4025 362 4068 num
383 4009 622 4087 compositorum
643 4017 679 4070 ut
696 4011 832 4083 odoeao,
862 4012 1040 4092 transfupo,
1068 4016 1224 4093 apricolo,
1250 4033 1314 4078 non
1337 4017 1481 4076 obstante

286 4129 385 4193 altera
405 4131 504 4192 forma
525 4151 653 4212 coepero
674 4134 818 4208 formari,
839 4135 942 4195 solunt
955 4152 1077 4210 omnes,
1102 4139 1154 4215 qni
1174 4138 1214 4200 de
1234 4137 1477 4208 abundantibus,¹

285 4269 366 4330 quae
384 4255 745 4326 vocantunbatinorum
765 4256 944 4319 nominibus
956 4267 1149 4338 compertum
1165 4259 1296 4340 babent.
1335 4261 1480 4322 Nostram

283 4375 379 4460 igitur
415 4378 600 4439 sententiam
631 4379 671 4440 de
701 4396 735 4440 re
771 4377 924 4441 hactenus
957 4382 1119 4444 enucleata
1159 4381 1208 4444 his
1238 4383 1346 4462 paucis
1374 4379 1479 4442 verbis
