3286 5126
254 449 328 500 curu
573 431 680 502 ‘QUAE
698 428 925 492 autmarus
944 423 1118 490 sardare

255 577 368 658 quibus
390 579 502 660 pusilla
522 577 798 660 ingania-landem
824 585 989 656 querunt.
1030 578 1098 639 Non
1117 573 1286 640 humilibus
1305 576 1443 657 quidem,

254 717 366 782 parum
393 701 597 776 verecundis,
627 701 760 768 sordidis
776 708 821 764 ¹et
846 701 997 781 -turpibus
1027 700 1132 762 verbis
1161 699 1350 774 utebantur,
1391 699 1446 762 scd

255 823 398 904 propria,
420 825 601 904 perspicua,
623 823 828 905 significantia
846 824 943 891 verba
957 822 1052 886 animi
1070 839 1179 885 sensus
1193 821 1447 902 meiiusaperire

255 952 433 1011 statuerunt
460 961 555 1026 qnam
583 946 734 1021 obscura,
768 945 862 1009 dubia
893 953 986 1025 atque
1017 944 1163 1024 duplicia.
1205 945 1295 1022 Quae
1320 943 1447 1024 quiden's

230 1109 232 1114 ·
255 1067 475 1148 reputantibus
501 1068 555 1132 vix
581 1066 740 1132 stomacho
767 1076 860 1130 erunt
883 1068 981 1132 verba
1006 1069 1149 1130 inornata
1173 1075 1303 1148 postue,
1332 1069 1447 1149 quippe

255 1191 310 1270 qui
330 1198 366 1252 ut
383 1176 485 1254 mores
510 1189 554 1252 ita
580 1187 754 1254 sermonem
782 1191 889 1271 populi
915 1192 948 1253 in
971 1191 1085 1254 saturis
1103 1191 1267 1270 expressit·
1309 1192 1449 1254 Accessit

257 1313 371 1386 multa,
393 1329 474 1392 quae
493 1313 527 1374 in
549 1313 602 1374 illo
624 1318 708 1388 eret,
736 1313 930 1386 iucunditas,
958 1312 1182 1376 sententiarum
1206 1315 1328 1394 lepores
1354 1320 1448 1394 atque

258 1437 427 1500 vernacula
444 1437 497 1498 illa
517 1436 683 1510 festivitas,
705 1453 787 1516 quaa
800 1455 863 1502 non
876 1437 968 1500 modo
982 1455 1105 1498 omnem
1118 1435 1275 1499 tristitiam
1294 1442 1327 1498 et
1345 1453 1449 1528 moro·

258 1556 382 1620 ritatem
401 1558 539 1636 pellunt,
572 1559 748 1622 sedetiam
768 1560 939 1640 legentium
960 1560 1077 1622 animos
1097 1577 1116 1622 a
1136 1559 1230 1622 nimia
1255 1565 1349 1638 atque
1371 1558 1448 1620 reli·-

257 1681 343 1760 gioss
363 1679 471 1744 iudicii
491 1680 663 1746 acerbitate
687 1689 844 1746 avertunt.

335 1801 396 1866 Sed
423 1804 559 1868 Lucilius
583 1789 656 1868 cum
680 1799 837 1871 hilaritate
865 1811 959 1884 atque
987 1805 1120 1880 facetiis,
1149 1811 1216 1866 tum
1242 1822 1280 1867 eo
1307 1802 1449 1884 inprimis

258 1926 390 2006 gratiam
411 1927 519 2006 popuii
536 1929 668 2002 meruit,
695 1926 780 2008 'quod
807 1928 884 1990 nihil
904 1919 1031 1990 humani
1058 1945 1076 1990 a
1101 1945 1135 1990 se
1159 1928 1297 1992 ‚ebenum
1318 1925 1447 1999 ducens,

261 2053 400 2110 veterem
419 2049 503 2111 illam
516 2049 698 2112 varietatem
722 2050 754 2113 in
774 2051 887 2112 saturis
907 2051 1080 2118 scribendis
1094 2049 1256 2130 expressit.
1295 2047 1452 2127 Quicquid

257 2169 355 2250 igitur
377 2169 487 2234 vel-ad
507 2187 574 2232 rem
594 2171 757 2250 publicam·
770 2178 805 2233 et
829 2171 868 2232 ad
893 2171 1034 2250 publicos
1055 2172 1168 2234 ciuium
1188 2189 1307 2244 mores,
1334 2172 1385 2233 vel
1408 2169 1449 2232 ad

259 2291 450 2372 privatorum
471 2289 630 2355 hominum
651 2295 775 2357 budam
794 2294 1041 2377 ignominamve,
1071 2291 1111 2354 ad
1135 2293 1311 2355 litterarum
1334 2291 1447 2368 studia,

260 2431 301 2476 ue
321 2415 437 2489 multa,
460 2432 665 2494 quaecunque
681 2415 724 2480 ad
742 2416 836 2478 totius
855 2415 962 2495 populi
981 2415 1076 2476 vitam
1095 2391 1287 2493 pertinuere,
1307 2430 1450 2494 quaeque

260 2531 320 2596 sibi
347 2534 408 2616 ipsi
427 2535 509 2600 bene
529 2539 649 2601 maisve
675 2545 851 2613 cesserant,
881 2555 917 2602 aa
931 2536 1062 2612 omnia,
1094 2535 1212 2612 „velut
1238 2534 1308 2599 fidis
1335 2543 1450 2598 arcana

259 2657 416 2724 sodalibus
436 2661 514 2723 olim·
527 2661 677 2724 credebat
696 2661 808 2724 libris”
827 2662 871 2722 ita
892 2668 927 2723 ut
945 2663 1094 2730 lectores,
1115 2665 1264 2740 tanquam
1284 2660 1317 2720 in
1338 2665 1450 2740 specu'·

260 2769 395 2857 lum,'in
413 2783 493 2846 vitas
513 2785 649 2848 omnium
670 2785 784 2847 civium
804 2785 959 2864 inspicere
984 2791 1077 2864 atque
1098 2801 1137 2846 ex
1157 2783 1225 2844 aliis
1240 2767 1304 2846 'sibi
1327 2799 1449 2846 sumere

260 2907 437 2985 exemplum
457 2907 592 2970 iuberet.
627 2911 795 2970 Praeterea
809 2908 924 2968 multus
937 2907 997 2968 icit
1015 2908 1048 2968 in
1067 2904 1229 2971 hominum
1242 2907 1450 2968 litteratorum

262 3031 373 3094 stadiis
393 3029 611 3102 recensendis3
632 3031 760 3091 Accium
774 3030 885 3103 irrisit,
908 3029 997 3090 Ennii
1017 3047 1126 3092 versus
1144 3031 1297 3110 gravitate
1316 3029 1471 3114 minores·
1588 3026 1598 3032 ”

260 3154 397 3228 notavit,
419 3168 607 3234 quemquam
625 3153 659 3214 in
678 3157 837 3237 oratorum
858 3169 988 3214 nurnero
1010 3150 1189 3214 habendum
1217 3169 1285 3214 esse
1312 3151 1447 3231 negavit,

197 3283 198 3286 ’
262 3276 316 3356 qui
348 3293 411 3338 noa
437 3275 477 3338 sit
507 3275 650 3346 omnihus
677 3275 717 3336 iis
743 3275 878 3348 artibus,
891 3253 892 3258 ἵ
905 3289 985 3354 qnae
1005 3280 1078 3337 sunt
1095 3274 1196 3336 libero
1216 3273 1346 3356 dignae,
1374 3290 1450 3354 per·

263 3399 395 3479 petitus,
419 3400 578 3478 multaque
597 3403 767 3479 praecepta
787 3397 827 3460 da
852 3397 971 3460 artibus
995 3403 1027 3460 et
1047 3395 1217 3477 disciplinis
1235 3395 1377 3460 versibus
1398 3396 1450 3456 in-

260 3521 363 3584 clusit.
399 3519 463 3584 -Sed
483 3529 516 3584 ct
533 3522 674 3584 locorum
693 3521 786 3597 situs,
810 3500 950 3596 montes,
981 3521 1086 3595 durii,
1109 3521 1224 3594 maria,
1251 3525 1451 3600 tempestates

260 3645 296 3706 in
321 3642 388 3706 eius
417 3643 608 3709 carminibus
637 3645 935 3724 perscribendum
968 3645 1093 3706 inerant
1122 3643 1271 3719 tabellae,
1304 3651 1396 3706 acute
1417 3647 1451 3704 et

264 3767 378 3834 acerbe
399 3767 498 3841 dicta,
521 3767 628 3829 tiranii
647 3767 788 3847 inprimis
816 3767 999 3847 praeconis,
1031 3785 1092 3846 quo
1117 3782 1208 3830 nemo
1233 3768 1286 3830 illc
1310 3773 1451 3846 tempore

128 3926 130 3931 ·
194 3891 195 3896 ’
265 3889 325 3956 duit
344 3887 493 3964 dicacior,
509 3890 638 3970 quippe
666 3889 720 3968 qui
744 3905 784 3950 ne
805 3889 1006 3970 ‘principibus
1034 3889 1160 3968 quidem
1189 3891 1264 3952 viris
1293 3895 1450 3970 parceret,

264 4029 433 4091 omnesque
454 4029 565 4092 sapore
585 4012 720 4090 quodam
740 4012 908 4082 vernaculo
929 4013 1076 4076 obrueret
1087 4032 1097 4084 ;
1125 4011 1318 4075 accedebant
1339 4025 1450 4073 narra-

265 4135 424 4199 tiunculae
451 4153 477 4196 e
500 4135 602 4215 poetis
629 4142 814 4215 excerptae,
843 4137 895 4197 vel
921 4135 1028 4216 pupuli
1046 4135 1242 4198 sermonibus
1262 4135 1450 4207 celebratae,

267 4255 408 4321 diverbia
427 4271 446 4320 a
467 4255 635 4338 tragoediis
655 4264 749 4336 atque
768 4227 937 4320 comoediis
954 4265 1097 4338 sumpta3
1121 4265 1156 4320 nt
1176 4257 1284 4337 paucis
1305 4275 1370 4318 ram
1392 4253 1451 4316 ab·
1538 4271 1548 4296 ⁸

265 4380 399 4458 salvam
415 4387 511 4452 tauta
519 4381 666 4446 orationis
679 4381 778 4462 qratia
790 4386 884 4461 atque
898 4380 1066 4458 tostiuitas,
1086 4387 1172 4444 tanta
1185 4395 1291 4443 rerum
1303 4377 1450 4452 sudatas,
