3286 5126
282 443 386 484 aurun
582 457 585 464 ,
602 421 710 494 ‘abab
727 421 956 496 bucularum
974 421 1149 485 suamab

154 613 161 630 .
282 572 386 635 sotim
413 572 511 634 valoti
538 569 695 650 descripta
724 569 839 632 tabella
870 568 1009 650 pateret,
1043 556 1098 631 sed
1131 575 1166 633 ut
1191 575 1255 634 tota
1281 569 1474 649 reipublicae

281 695 381 769 rabo,
402 700 434 756 et
452 707 554 754 mores
572 691 655 754 illius
674 691 785 753 aetatis
804 691 836 751 in
862 691 970 754 Lucilii
990 691 1103 752 saturis
1121 698 1227 754 essent
1248 693 1414 772 express..
1430 695 1475 756 ita

285 823 320 878 ot
339 815 469 878 Romani
488 814 610 876 effictos
628 832 701 876 suos
722 830 826 874 mores
844 813 876 873 in
895 813 955 874 illis
975 813 1116 904 personis
1136 829 1378 894 expressamque
1398 815 1476 878 iuna.

284 938 388 1019 pinum
415 939 498 1000 vitae
527 953 601 998 suae
631 935 831 1016 quotidianae
851 934 1005 998 viderent.
1046 935 1165 1013 Quodsi
1189 935 1285 1015 igitur
1310 941 1396 998 ῐιιιιι
1417 937 1478 999 init

284 1059 456 1122 blenanrlri·
467 1060 537 1121 ilaue
555 1058 647 1138 apud·
660 1059 804 1132 naeuos,
827 1057 917 1136 quod·
935 1058 969 1118 in
986 1056 1111 1120 fabellis
1130 1057 1226 1119 vitam
1247 1057 1387 1120 imitatus
1401 1077 1478 1122 neue

286 1181 465 1262 putabatur,
486 1187 603 1261 quanto
617 1159 766 1242 maiorcan
788 1181 919 1260 gratiam
932 1180 1143 1244 existimamus
1162 1179 1391 1242 basilianorum
1409 1196 1478 1243 car-

286 1304 404 1365 minum
428 1302 540 1377 luisse,
566 1303 670 1383 quiet
693 1303 787 1364 anina
804 1303 968 1376 libertate,
993 1310 1032 1366 *et
1055 1302 1147 1364 beato
1167 1301 1309 1382 ingenio.
1331 1305 1479 1366 orationis
1552 1383 1559 1392 ἰ

248 1461 250 1466 -
287 1425 458 1488 testivitate
479 1433 573 1504 atque
586 1423 703 1488 salibus
717 1426 813 1486 multo
831 1425 959 1505 propius
978 1425 1020 1486 od
1038 1425 1159 1504 priscae
1173 1423 1352 1486 comoediae
1371 1433 1480 1506 poetas

285 1546 473 1621 accesserit,·
501 1566 579 1627 quos
604 1565 676 1610 eum
706 1553 850 1610 secutum
875 1564 942 1609 esse
967 1547 1036 1608 inre
1063 1547 1285 1610 suo-Horatius
1308 1547 1479 1611 iudicarit?

284 1667 362 1732 inde
381 1669 499 1731 tactum
523 1676 591 1744 est,
617 1676 652 1731 ut
671 1669 760 1730 multi
779 1687 852 1732 cunr
872 1687 935 1732 non
961 1669 1100 1734 eiusdem
1122 1669 1214 1732 rocio
1241 1669 1344 1748 operis
1371 1675 1478 1732 aucto·

287 1789 375 1854 ribus
392 1790 450 1852 aed
471 1791 615 1854 omnibns
642 1793 742 1872 poetis
761 1791 923 1873 praeferre
944 1811 1009 1854 non
1029 1791 1219 1854 dubitarent.
1250 1792 1388 1870 Quinct-
1402 1795 1475 1856 lnst.

286 1911 342 1974 Or.
365 1913 403 1974 X.
426 1914 454 1974 l.
476 1913 525 1976 95.

313 2197 316 2204 ,
393 2165 430 2262 §.
456 2167 490 2242 4,
519 2167 646 2258 ,θυαε
671 2166 901 2246 Duooiiuoce
927 2126 1101 2245 Saturae
1125 2177 1224 2246 ratic
1245 2175 1365 2268 suerii

692 2307 695 2314 ’
773 2315 984 2408 exponitur.
1255 2311 1259 2318 ¹

360 2495 424 2554 lam
437 2510 508 2555 cnm
521 2499 553 2557 et
567 2493 606 2558 de
619 2493 728 2578 Lucilii
741 2493 805 2558 vita
820 2469 1019 2570 cineribus,
1042 2501 1073 2558 et
1087 2495 1126 2558 de
1143 2497 1283 2576 personis
1297 2501 1475 2578 basilianis,

284 2622 317 2677 et
347 2615 387 2676 de
418 2615 610 2696 singulorum
638 2615 789 2678 librorum
818 2617 1011 2698 argumentis
1040 2619 1114 2682 satis
1141 2619 1181 2682 sit
1206 2619 1399 2702 expositum,
1428 2624 1479 2686 ria

285 2737 403 2801 munita
423 2755 490 2800 esse
510 2739 635 2802 videtur
656 2740 695 2801 ad
717 2741 893 2822 graviorem
913 2743 997 2804 illam
1013 2743 1226 2824 quaestionem
1248 2745 1476 2824 explicandam.

285 2877 365 2939 qnae
384 2860 511 2923 tandem
529 2862 706 2924 Lucilianae
726 2864 855 2940 Saturae
875 2863 971 2926 luerit
990 2867 1082 2941 ratio,
1105 2874 1155 2942 ut,
1180 2885 1251 2930 cum
1272 2874 1304 2931 et
1324 2867 1477 2934 Pacuvius

286 2988 318 3042 et
336 2982 453 3042 Ennius
466 2982 584 3044 Satiras
601 2985 821 3066 conscripsisse
839 2985 994 3062 dicantur,
1017 2989 1160 3052 Horatius
1178 2988 1265 3053 illum
1284 2991 1477 3072 potissimum

284 3103 403 3166 satirae
421 3105 617 3168 inventorem
634 3124 701 3168 esse
722 3107 845 3171 dixerit.
878 3109 971 3172 Cuius
984 3110 1110 3190 quidem
1130 3110 1240 3174 indicii
1258 3111 1306 3173 vis
1324 3119 1361 3174 ut
1383 3130 1477 3177 aecn-

284 3224 382 3287 ratius
397 3227 602 3302 examinetur.
626 3229 719 3293 totius
738 3231 840 3312 poesis
856 3233 1012 3294 liomaoae
1026 3234 1112 3314 origo
1124 3234 1216 3296 altius
1230 3242 1277 3298 est
1289 3235 1475 3320 repetenda.

288 3345 379 3422 Quod
399 3347 483 3411 enim
503 3349 611 3412 Cicero
632 3352 809 3428 contendit,
837 3371 907 3416 sero
929 3372 947 3416 a
967 3357 1112 3418 Romanis
1131 3362 1239 3436 poetas
1260 3357 1310 3418 vel
1337 3357 1477 3438 cognitos

285 3468 336 3528 vel
356 3477 500 3550 receptos
519 3473 610 3536 Tusa.
632 3474 719 3555 Disp.
740 3477 764 3536 l.
781 3475 810 3538 i.
831 3475 864 3542 id
884 3476 1023 3552 luerunt,
1045 3478 1099 3557 qui
1118 3478 1163 3540 ita
1181 3478 1475 3560 interpretarentur,

286 3598 323 3654 nt
347 3595 556 3657 Romanorum
582 3597 707 3678 ingenia
734 3614 752 3659 a
777 3599 1013 3682 poesiomnino
1038 3598 1235 3668 abhorruisse
1254 3603 1477 3684 statuerent').

310 3822 330 3888 ¹)
352 3818 411 3878 Cir.
430 3819 566 3893 Lessing,
586 3820 722 3881 Laolroon
739 3841 768 3898 p.
789 3826 823 3880 73
842 3845 906 3902 sqq.
932 3829 1055 3902 Homer,
1083 3832 1220 3903 Wirlrung
1238 3834 1290 3889 der
1307 3831 1477 3892 Dicbtknnst

352 3910 400 3965 bei
432 3910 487 3965 den
513 3909 638 3968 Rbmern
663 3911 715 3968 tx.
735 3929 764 3986 p.
785 3913 933 3976 tol-llo.
960 3917 1105 3976 Ursaehen
1133 3921 1184 3976 des
1209 3923 1393 3992 gesunkenen
1418 3919 1476 3980 Ge·

352 3997 501 4053 ecboaaclm
525 3999 573 4056 bei
598 4001 655 4056 den
677 4003 904 4062 verschiedenen
928 4005 1057 4063 Vollrern
1082 4007 1148 4063 vll.
1175 4025 1204 4080 p.
1224 4010 1337 4067 alati.
1362 4009 1474 4069 Rarior.

352 4084 442 4156 Auag.
474 4084 579 4144 Jacobs
602 4087 763 4160 Naeblrige
789 4109 824 4148 zu
849 4091 951 4150 Sulzer
970 4093 994 4148 1.
1012 4095 1072 4166 p.6
1093 4113 1158 4169 sqq.
1178 4101 1207 4154 et
1226 4097 1277 4154 1v.
1295 4114 1325 4170 p.
1337 4085 1393 4152 332
1408 4115 1473 4172 sqq.

351 4172 450 4243 Nuper
476 4171 585 4245 Hegel,
613 4175 674 4233 Leo
693 4178 801 4248 passim
825 4185 854 4237 et
876 4179 1065 4256 bernbardy:
1087 4185 1168 4241 uibar
1195 4187 1241 4242 die
1266 4185 1394 4258 stenung
1423 4189 1475 4245 der

350 4257 592 4408 Ξῡωὸἓῑιοθιέιιιι
618 4281 670 4326 zur
696 4263 876 4344 Gegenwart.
904 4269 1111 4332 Tasebenbueb
1131 4289 1188 4333 von
1210 4271 1311 4348 Prutz,
1331 4275 1429 4352 labrg.
1447 4275 1472 4339 Ι.
