3286 5126
483 514 487 521 ,
525 445 645 507 nsrro
663 444 801 508 ruram
815 447 1047 512 exromron
1315 461 1383 512 cen

195 595 258 658 aiiii
285 595 510 674 proprietatem
535 593 707 676 significet,
733 595 813 657 lineo
840 597 923 658 cetto
948 599 1069 671 atriae,
1098 593 1216 678 inquit,
1248 601 1385 680 qccttcm

196 719 337 780 Lucilius
352 717 468 779 ‘ardeus
491 717 668 798 infremuit,
699 724 805 780 tamen
830 719 913 781 idem
934 719 1041 793 comis,
1069 719 1225 795 urbanus,
1252 721 1383 796 facetus,

189 846 360 902 emunctae
374 840 469 912 naris,
485 839 625 919 apprime
645 839 769 918 linguae
783 842 912 903 Latinae
924 842 1037 916 sciens,
1053 841 1271 921 atque-doctus
1288 845 1386 917 audit

195 961 479 1042 eiusque-eruditio
500 961 578 1024 mira
597 968 630 1024 ei
648 969 795 1025 venustas
815 970 909 1041 atque
928 963 1083 1026 subtilitas
1100 964 1257 1038 laudatur,
1284 965 1330 1026 ita
1352 973 1386 1028 ut

186 1085 293 1146 »Varro
318 1103 394 1146 eum·
417 1085 599 1164 gracilitatis
625 1086 802 1164 exemptum
826 1103 894 1148 esse
921 1086 1075 1148 statuerit.
1115 1089 1176 1150 sel
1202 1087 1385 1152 eruditionis

194 1213 293 1287 atque·
308 1207 469 1271 doctrinae
493 1207 623 1287 gloriam
644 1207 771 1270 minime
792 1209 845 1269 ille
874 1209 1038 1286 qnaesivit.
1078 1211 1174 1272 Erant
1199 1209 1324 1288 quidem
1351 1211 1385 1272 in

194 1347 232 1392 so
263 1330 415 1409 plurimae
449 1331 588 1405 litterae,
623 1347 683 1393 nso
704 1347 763 1392 eae
780 1331 926 1412 vulgares
954 1332 1010 1394 sed
1039 1332 1204 1394 interiores
1232 1332 1385 1412 quaedam

195 1460 288 1544 atque
307 1451 507 1526 reconditae,
529 1453 584 1515 sed
604 1460 709 1516 tamen
726 1453 864 1516 earmina
879 1469 933 1516 sua
948 1471 1057 1516 eorum
1074 1454 1267 1534 potissimum
1285 1452 1386 1516 homi-
1406 1501 1411 1514 .

185 1591 272 1636 xnuru
295 1575 419 1638 iudiciis
438 1575 564 1656 probari
588 1575 703 1650 voluit,
725 1576 901 1656 quinoque
921 1576 1212 1660 doctissimineqne
1235 1576 1409 1644 1111111111»

194 1698 263 1759 simi
283 1705 397 1760 essent.
439 1701 502 1759 imo
522 1699 636 1771 Persii,
661 1698 812 1778 Scipionis
826 1705 859 1759 et
876 1699 983 1760 Rutilii
1002 1698 1153 1760 iudicium
1165 1699 1383 1776 reformidans,
1492 1699 1497 1712 '

192 1819 370 1896 Tarentinis
383 1821 432 1882 ait
451 1837 485 1883 se
505 1827 537 1883 et
555 1821 753 1884 Consentinis
772 1827 804 1880 et
823 1819 935 1881 Siculis
954 1819 1105 1882 seribere.
1128 1821 1237 1906 Quae
1255 1827 1291 1882 ut
1314 1841 1384 1888 cum

195 1942 329 2021 quadam
345 1941 540 2006 cavillatione
555 1942 639 2004 dicta
659 1959 726 2004 esse
741 1941 928 2016 concedam,
951 1949 1055 2004 tamen
1069 1943 1102 2004 in
1116 1959 1185 2006 eam
1199 1944 1384 2006 sententiam

193 2063 430 2144 interpretanda
457 2069 552 2138 sunt,
585 2065 622 2125 ut
648 2063 700 2124 ille
730 2065 836 2144 populi
868 2081 961 2142 quam
989 2066 1196 2126 litteratorum
1225 2065 1384 2128 bominum

98 2206 102 2214 ’
193 2187 322 2249 auribus
342 2187 460 2248 servire
479 2187 634 2248 maluerit.
677 2185 754 2247 ilino
779 2187 832 2247 illa
858 2187 1049 2266 negligentia
1075 2194 1108 2248 et
1134 2188 1281 2250 orationis
1310 2187 1384 2251 vitia

195 2315 280 2383 orta,
302 2327 382 2388 quae
403 2311 547 2371 Horatius
570 2310 705 2382 notavit,
731 2309 784 2388 qui
809 2309 1014 2389 incomposito
1041 2325 1170 2372 ourrere
1198 2311 1280 2391 pedo
1303 2309 1385 2375 iiiios

193 2449 303 2496 versus
322 2433 451 2507 iudicat,
473 2433 669 2512 eundemque
690 2433 850 2512 garrulum
870 2438 963 2511 atque
983 2433 1106 2514 pigrum
1119 2431 1281 2500 scribendi
1300 2432 1384 2494 ierne

110 2545 111 2554 ’
195 2555 354 2629 laborem,
377 2555 501 2634 saepius
520 2531 706 2618 lutulentum
736 2557 852 2628 inere,
874 2556 995 2616 Graeca
1014 2555 1130 2616 Latinis
1148 2557 1280 2618 miscere
1292 2576 1300 2628 ;
1331 2553 1387 2616 secl

194 2695 275 2757 quae
305 2675 387 2740 iilius
416 2677 476 2738 luit
504 2677 612 2737 iudicii
637 2675 809 2749 subtilitas,
840 2675 939 2754 magis
967 2667 1141 2754 temporum
1161 2694 1253 2754 quam
1282 2678 1385 2756 ipsius

195 2806 308 2879 poetae
337 2797 421 2860 liano
452 2799 576 2877 culpam
606 2815 674 2862 esse
706 2797 826 2860 statuit
875 2797 1019 2860 Eiusdem
1051 2805 1099 2859 est
1128 2777 1384 2878 generis,'quod

192 2923 329 2986 1111111111
347 2922 470 3002 saepias
489 2919 628 2984 rescissis
645 2921 806 2984 vocabulis
826 2939 936 2984 versus
956 2922 1148 3004 composuit,
1170 2927 1203 2984 et
1218 2922 1251 2984 in
1270 2919 1385 2986 serbo—

191 3063 263 3106 rum
282 3045 465 3108 traiectione
486 3045 627 3108 assiduus
646 3044 716 3108 tuit.
791 3083 795 3090 -
1083 3129 1090 3140 .

196 3221 198 3229 ,
269 3170 328 3230 Alii
348 3169 423 3231 vitio
444 3169 490 3230 iili
512 3168 685 3244 dederunt,
712 3169 795 3249 qnod
815 3169 912 3231 multa
928 3185 1049 3249 spurca
1068 3167 1212 3237 versibus
1231 3168 1384 3242 intexuit5

191 3289 249 3353 sed
268 3291 502 3354 ardentissimus
532 3292 627 3354 animi
653 3291 741 3354 dolor
769 3299 862 3372 atque
889 3293 1048 3356 liberrima
1069 3291 1262 3372 indignatio,
1291 3307 1384 3370 quam

103 3475 106 3480 ,
194 3411 400 3478 ioedaeiliius
420 3416 529 3478 aetatis
550 3415 696 3477 libidines
717 3422 748 3476 et
768 3413 982 3495 improborum
1001 3415 1160 3489 bominum
1180 3415 1300 3476 seelera
1319 3429 1386 3474 nro·

193 3544 322 3614 verunt,
353 3557 416 3600 non
442 3537 610 3600 admittunt
633 3555 701 3600 eam
721 3538 870 3599 orationis
894 3537 1079 3616 elegantiam
1102 3541 1195 3614 atque
1215 3535 1385 3596 verborum

193 3661 357 3740 ambages,
379 3662 492 3741 quibus
505 3661 617 3724 urbani
638 3667 731 3740 atque
746 3659 885 3721 cultioris
904 3657 1022 3739 ingenii
1042 3654 1183 3719 homines
1203 3656 1384 3718 foeditatem

196 3780 342 3843 vitiorum
370 3785 473 3863 potins
500 3786 608 3865 paucis
637 3785 793 3864 attingere
821 3799 912 3862 quarn
938 3782 1076 3863 graviter
1100 3781 1245 3842 incusare
1270 3787 1385 3842 amant.

194 3903 278 3982 Quin
297 3903 359 3964 imo
380 3907 431 3966 vei
452 3914 560 3986 postea
581 3908 707 3986 elegans
726 3907 779 3968 ilie
799 3905 961 3979 Horatius,
991 3906 1044 3984 qui
1070 3904 1161 3965 valer
1185 3903 1303 3964 circum
1331 3918 1387 3982 pe-

192 4033 281 4088 ctora
299 4023 396 4101 ludit,
419 4035 451 4088 et
463 4030 589 4091 altiores
602 4029 700 4090 Persii
714 4029 841 4109 spiritus
858 4035 891 4094 et
909 4027 1067 4090 rhetorica
1088 4029 1244 4090 luvenalis
1259 4029 1386 4088 irsoum
1438 4029 1441 4034 '

194 4149 245 4214 dia
268 4161 426 4229 nunquam
446 4151 485 4212 tis
502 4153 606 4214 verbis
626 4153 830 4226 abstinuere,
846 4168 932 4231 quae
948 4151 1060 4212 molles·
1076 4157 1107 4212 et
1127 4157 1243 4212 teretes
1263 4153 1385 4212 nostra-

194 4271 271 4334 tium
290 4273 449 4334 bominum
471 4290 561 4340 aures
580 4287 730 4356 respuere
750 4243 861 4338 solent.
902 4271 1143 4336 Abhorruerunt
1161 4274 1246 4334 enim
1260 4269 1384 4332 omnino

138 4413 143 4426 ,
194 4403 227 4458 st
253 4396 393 4460 Graecas
420 4397 548 4460 litterae
576 4385 613 4460 st
634 4399 761 4462 1111111
788 4396 953 4478 spatam
979 4397 1041 4459 ilis
1063 4395 1231 4459 vorborum
1251 4389 1381 4464 (11111111,
