3242 5138
502 447 552 504 DE
570 444 752 506 tunsurus
768 443 992 507 Luuttlnrus.
1276 467 1343 508 ιιιι

154 591 298 656 vidimus.
340 591 402 653 Sed
428 609 573 669 quorsum
600 591 795 670 pertineant,
824 591 961 652 dubitari
981 598 1093 670 potest.
1134 595 1271 656 Fuerunt
1290 598 1343 675 qui

153 717 311 780 Valerium
326 715 468 776 Flaccum
484 712 719 793 intelligendum
735 731 802 774 esse
817 720 1008 788 statuerent,
1030 717 1082 793 qui
1097 717 1209 777 Consul
1229 733 1257 778 a.
1273 716 1340 778 cet

152 855 223 902 cum
250 838 285 898 P.
300 837 417 898 Licinio
441 838 549 898 Crasso
576 835 735 908 Huciano,
763 853 896 914 quocum
923 835 963 898 de
987 837 1119 916 imperio
1140 839 1213 902 belli
1234 847 1342 902 contra

151 959 357 1022 Aristonicum
384 957 515 1037 gerendi
543 958 674 1020 certarit
703 956 761 1018 cir.
788 958 850 1019 Cic.
878 959 959 1020 Phil.
984 960 1037 1020 ΧΙ.
1059 961 1090 1021 8.
1121 961 1182 1022 Alii
1211 961 1342 1024 iortmse

151 1084 185 1143 L.
202 1081 344 1142 Valerius
363 1080 492 1140 Flaccus
511 1079 546 1139 in
565 1085 701 1140 mentem
721 1078 843 1154 veniat,
865 1081 918 1159 qui
942 1098 1013 1141 cum
1032 1082 1071 1143 ll.
1093 1083 1205 1144 Porcio
1226 1085 1341 1146 Catone

151 1203 267 1264 Censor
286 1203 344 1264 luit
364 1204 400 1264 Α.
415 1219 446 1262 u.
464 1217 491 1262 c.
507 1201 576 1266 titt.
598 1201 656 1262 cir.
673 1201 735 1263 Cic.
751 1202 784 1264 G.
799 1201 873 1264 mai.
889 1219 918 1264 c.
936 1203 981 1264 li.
997 1204 1045 1264 li.
1088 1204 1148 1266 Sed
1172 1203 1248 1266 mihi
1269 1207 1340 1284 qui-

150 1325 221 1386 dem
245 1324 282 1402 Q.
299 1325 443 1386 Valerios
465 1323 602 1386 Surontio
623 1323 844 1403 inteHigendus
864 1341 934 1386 esse
955 1323 1079 1386 videtur
1091 1343 1100 1396 ;
1128 1326 1216 1388 cuius
1239 1327 1340 1388 versi-

149 1448 237 1510 culus
258 1447 404 1509 laudatur
427 1463 444 1506 a
465 1446 605 1510 Varrone
629 1447 662 1506 l..
677 1446 710 1506 l..
727 1444 793 1506 Vll.
808 1447 838 1507 tt.
856 1465 889 1525 p.
905 1447 972 1508 ctu.
996 1445 1052 1508 Hd.
1068 1448 1204 1528 Spengel
1223 1467 1255 1527 p.
1272 1449 1338 1512 tel.

149 1568 204 1630 lid.
229 1570 368 1642 Mueller,
399 1585 459 1646 quo
492 1571 526 1628 P.
549 1567 725 1647 Scipionem
751 1569 909 1630 ‘allocutus
938 1585 1006 1632 esse
1038 1568 1184 1632 ridetur:
1223 1573 1340 1643 „Veios

143 1691 259 1769 empto
274 1698 317 1752 est
329 1708 347 1748 o
360 1689 453 1752 Publi
466 1689 599 1767 Scipio.”
621 1687 724 1751 Edidit
744 1690 796 1756 ille
816 1689 927 1763 libros,
953 1687 1143 1756 &concidor
1162 1691 1339 1772 inscriptos,

147 1812 186 1875 de
210 1812 435 1884 Grammatica‘,
458 1817 493 1870 ut
513 1809 676 1873 Turnebus
697 1812 933 1890 iuterpretatur,
957 1819 1103 1890 tanquam
1123 1809 1163 1874 de
1185 1814 1341 1892 mysteriis

144 1935 373 1998 litterarum'et
392 1932 571 2004 doctrinae,
604 1931 716 2010 quibus
740 1932 828 1992 libris
848 1941 1032 2012 argumenta
1059 1941 1281 2014 proposuerat,
1298 1944 1340 1998 ut
1411 1976 1421 1998 .

147 2056 222 2138 quid
250 2057 379 2136 siugulis
408 2055 638 2125 contineretur,
664 2054 755 2116 facile
781 2054 1019 2136 intelligeretur.
1047 2055 1106 2119 cir.
1128 2057 1247 2119 Plinius
1265 2059 1336 2120 ttai.

146 2181 185 2240 N.
208 2180 245 2240 H.
262 2177 401 2240 'Praeiat
427 2179 459 2237 in
479 2176 633 2257 inepti.
655 2176 710 2238 Hd.
734 2177 885 2239 Harduin.
926 2177 995 2255 Quo
1020 2196 1059 2239 ex
1087 2178 1169 2240 libro
1189 2187 1338 2260 excerpta
1432 2150 1439 2160 Ι

146 2307 235 2376 suut,
258 2317 339 2380 quae
359 2299 442 2380 apud
462 2301 497 2360 Α.
522 2299 653 2360 Gellium
673 2299 709 2360 N.
726 2300 761 2359 A.
782 2300 818 2360 ll.
839 2299 884 2359 to.
907 2299 946 2360 de
968 2299 1174 2380 explicatione
1195 2301 1339 2364 vocabuli

143 2421 271 2502 flavisse
299 2423 456 2502 leguntur.
489 2423 547 2483 cir.
573 2423 651 2483 Ptin.
673 2423 709 2482 N.
734 2423 770 2482 H.
795 2425 826 2482 L.
843 2424 893 2484 lll.
915 2441 947 2502 p.
965 2423 1031 2484 lod.
1055 2422 1111 2484 Hd.
1133 2425 1170 2486 H.
1204 2467 1226 2499 „
1241 2425 1337 2486 Roma

143 2547 225 2626 ipsa,
258 2545 346 2608 cuius
370 2545 502 2606 alterum
530 2562 643 2606 nomen
672 2544 778 2606 dicere
807 2545 929 2606 arcanis
956 2545 1216 2606 caerimoniarum
1249 2549 1337 2608 netas
1413 2531 1419 2540 ⁸

142 2667 289 2740 habetur,
319 2666 496 2746 optimeque
523 2673 558 2726 et
584 2666 712 2726 salutari
739 2665 800 2726 fide
827 2665 975 2728 abolitum
1000 2669 1172 2729 enuntiavit
1194 2667 1337 2730 Valerius

142 2793 278 2850 Soranus
295 2789 416 2864 luitque
436 2804 506 2846 mox
528 2787 676 2865 poenas”·
689 2803 798 2848 necem
813 2787 895 2846 enim
914 2787 959 2847 illi
981 2786 1106 2847 allatam
1118 2786 1213 2848 tuisse
1228 2794 1337 2849 auctor

143 2915 192 2972 est
224 2907 412 3006 Plutarcbus
443 2908 572 2986 Quaest.
598 2909 685 2968 Rom.
716 2909 792 2972 LXl.
822 2928 853 2989 p.
876 2909 944 2970 did.
972 2909 1027 2972 Ed.
1057 2911 1156 2972 ParIs.
1192 2909 1336 2972 Eiusdem

141 3029 277 3094 auctoris
297 3047 420 3116 versum
440 3029 548 3092 laudat
568 3031 666 3092 Varro
688 3032 722 3096 L.
738 3033 771 3094 1..
788 3033 826 3092 Χ.
844 3031 891 3096 70..
914 3029 971 3094 Ed.
987 3031 1056 3094 Olli.

292 3152 406 3215 Accius
426 3153 590 3214 Hectorem
613 3153 699 3214 uolet
717 3154 840 3227 iacere,
865 3153 998 3217 Hectore
1017 3155 1122 3218 malet.

217 3277 338 3355 Quibus
369 3293 408 3339 ex
437 3275 595 3338 omnibus⁴
611 3275 642 3339 iri
674 3284 779 3339 nostro
803 3277 872 3340 iure
898 3277 1087 3357 colligimus,
1119 3277 1158 3354 Q.
1177 3278 1334 3342 Valerium

140 3399 307 3474 Soranum,
336 3397 493 3466 hominem
514 3399 640 3462 doctum
660 3407 693 3462 et
713 3399 888 3473 eruditum,
917 3416 988 3461 cum
1009 3407 1041 3462 et
1059 3401 1128 3479 ipse
1148 3402 1279 3462 multum
1300 3401 1333 3462 in

138 3520 313 3584 litterarum
342 3523 453 3586 studiis
484 3531 679 3598 versaretur,
715 3523 870 3584 amicitiae
899 3523 1023 3584 viuculo
1054 3528 1086 3582 et
1118 3538 1189 3604 cum
1222 3519 1333 3590 Publio

138 3643 282 3723 Scipione
309 3652 341 3708 et
367 3663 437 3708 cum
469 3647 586 3708 Lucilio
617 3646 712 3708 luisse
742 3646 953 3708 coniunctum.
1004 3645 1069 3704 lam
1095 3661 1168 3706 cum
1198 3642 1334 3708 Lucilius

137 3765 241 3828 satiris
261 3769 434 3832 scribendis
453 3769 621 3830 multorum
641 3768 818 3830 inimicitias
839 3767 898 3830 sibi
920 3768 1104 3838 conflasset,
1126 3773 1255 3846 propter
1281 3764 1332 3824 ta-

136 3887 362 3964 miliaritatem,
385 3909 465 3971 quae
489 3893 518 3954 ei
540 3878 755 3956 oum-‘valerio
780 3893 898 3952 Sorano
920 3889 1116 3962 intercessit,
1147 3887 1234 3951 iilum
1256 3886 1334 3949 adiit

12 4044 16 4052 ·
137 4011 226 4090 quasi
246 4014 457 4090 consulturus,
489 4015 563 4096 quid
588 4017 708 4078 consilii
733 4014 793 4076 sibi
815 4012 1021 4095 capiendum,
1052 4027 1132 4090 quae
1159 4007 1332 4070 studiorum

137 4134 217 4196 ratio
231 4133 292 4196 sibi
305 4136 508 4214 ingredienda
525 4146 617 4213 esset,
639 4145 673 4202 ut
689 4137 773 4200 etde
789 4135 910 4198 civibus
925 4135 1007 4199 bene
1020 4139 1166 4206 mereret,
1189 4139 1221 4192 et
1231 4130 1331 4218 otium

139 4261 170 4318 et
186 4257 322 4335 quietem
343 4257 403 4318 sibi
422 4267 561 4338 pararet.

214 4379 302 4457 Quae
319 4357 574 4460 siprcbabilitor.
590 4386 731 4448 coniecta
756 4398 824 4446 esse
848 4379 975 4452 statuis,
995 4379 1055 4444 iam
1078 4375 1150 4441 vide
1173 4379 1208 4436 ut
1228 4370 1331 4436 omnia
