3286 5126
551 435 601 492 DE
620 434 818 493 ORATIONE
835 433 985 496 LUCILII.
1036 439 1037 446 ’
1306 441 1359 498 ax'v

166 600 239 644 esse
258 563 429 643 adnotavit.
471 582 530 641 Alii
555 589 679 661 poetam
698 583 932 662 vituperarent,
964 581 1044 661 quod
1065 594 1174 648 versus
1194 585 1364 666 disruperit

171 707 222 766 vel
241 704 345 784 potius
362 721 471 766 versus
490 704 614 766 nomine
629 705 759 766 rescisso
775 703 1001 783 composuerit,
1025 705 1113 766 cuius
1127 707 1173 768 rei
1188 707 1364 786 exemplum

172 826 243 888 vide
263 827 384 890 Lib..V.
406 827 445 887 ir.
461 828 485 887 l.
526 827 694 888 Praeterea
715 827 810 886 molta
832 803 950 888 Graeca
971 827 1122 890 vocabula
1143 829 1229 892 illam
1249 825 1365 892 Latinis

169 949 374 1011 immiscuisse
389 947 439 1010 vel
458 964 589 1028 paucae,
606 965 688 1027 quae
700 956 834 1010 aetatem
853 951 1002 1024 tulerunt,
1024 949 1174 1030 reliquiae
1190 953 1366 1014 luculenter

173 1071 387 1151 comprobant.
427 1067 631 1132 Nihilominus
657 1079 761 1132 tamen
792 1089 809 1132 a
831 1073 929 1134 Gellio
954 1073 990 1134 N.
1011 1075 1046 1134 A.
1066 1075 1163 1135 xvtl.
1184 1075 1215 1135 3.
1236 1075 1285 1136 vir
1306 1091 1364 1154 ap-

173 1194 271 1274 prime
292 1193 418 1254 Latinae
447 1193 573 1272 linguae
594 1193 703 1256 sciens
730 1195 826 1256 luisse
845 1193 971 1270 dicitur,
1000 1203 1032 1258 et
1050 1197 1149 1258 Varro
1173 1213 1271 1278 genus
1293 1213 1365 1258 ora·-

174 1315 265 1377 tionis
294 1315 486 1388 Lucilianum
507 1315 623 1395 gracile
644 1315 739 1392 dixit,
774 1319 824 1378 cui
858 1319 1011 1380 subtilitas
1045 1326 1078 1381 et
1105 1327 1251 1382 venustas
1279 1321 1363 1382 insit.

176 1438 259 1499 Idem
283 1456 353 1499 cum
374 1439 544 1501 Pacuvium
565 1439 719 1501 ubertatis
732 1447 763 1501 et
782 1439 1203 1528 Terentiummediocritatis
1225 1445 1365 1522 exempla

176 1577 242 1622 esse
262 1560 394 1635 dixerit,
417 1568 449 1621 et
472 1561 504 1621 in
525 1562 670 1623 ubertate
694 1562 877 1642 dignitatem
898 1571 991 1641 atque
1012 1565 1246 1645 amplitudinem
1266 1568 1369 1628 inesse

175 1685 334 1758 statuerit,
363 1691 401 1746 et
422 1683 559 1746 medium
582 1685 685 1746 stilum
714 1691 746 1746 et
770 1651 974 1745 ubertatiset
999 1686 1160 1765 gravitatis
1183 1687 1367 1776 participent

176 1824 243 1868 esse
257 1807 407 1878 voluerit,
430 1806 522 1868 facile
536 1805 609 1867 inde
631 1807 768 1886 colligas,
791 1807 969 1898 Varronem.
983 1807 1288 1886 Lucilioplurimum
1309 1809 1366 1870 tri-

175 1929 300 2002 buisse,
324 1929 474 2007 coqueio
495 1945 611 2007 genere
632 1927 756 1989 dicendi
776 1928 862 1988 illum
882 1927 1082 2004 excelluisse,
1104 1930 1189 2008 quod
1206 1938 1322 2010 postea
1338 1939 1370 1993 et

168 2051 296 2111 lloratii
309 2051 501 2112 sermonibus
522 2057 563 2124 et,
585 2051 668 2113 inter
687 2029 855 2132 scriptores
875 2052 1023 2113 orationis
1042 2051 1207 2131 pedestris,
1229 2055 1370 2136 inprimis

177 2189 194 2234 a
217 2173 370 2236 Cicerone
387 2175 420 2233 in
441 2175 578 2253 epistolis
598 2173 638 2235 ad
659 2174 836 2235 Familiares
850 2173 1050 2235 ‘celebratum
1071 2175 1175 2238 luerit.
1359 2149 1363 2152 ’

255 2295 343 2372 Quae
364 2295 489 2375 quidem
513 2295 638 2357 dicendi
658 2297 737 2358 ratio
758 2313 820 2356 non
839 2296 872 2356 iu
894 2297 1068 2376 argumenti
1088 2297 1226 2372 ratione,
1255 2317 1317 2360 non
1337 2298 1369 2360 in

177 2411 400 2480 sententiarum
425 2417 532 2498 figuris
553 2425 646 2497 atque
669 2419 854 2492 luminibus,
887 2435 989 2497 neque
1011 2419 1043 2478 in
1065 2419 1216 2498 peculiari
1236 2420 1370 2500 quodam

178 2541 344 2601 verborum
362 2557 438 2612 usu,
461 2539 518 2601 s'ed
538 2541 685 2618 potius'in
708 2548 771 2600 tota
793 2543 941 2601 orationis
960 2540 1221 2614 conformatione,
1242 2543 1274 2602 in
1289 2543 1372 2605 eius-

178 2661 253 2722 dem
274 2663 378 2723 colore
399 2669 508 2740 atque,
536 2668 572 2720 ut
590 2661 633 2720 ita
655 2660 776 2732 dicam,
796 2661 881 2721 voltu
902 2637 1102 2740 perspicitur.·
1142 2661 1269 2722 Subtilis
1290 2663 1372 2723 enim

179 2783 394 2876 orationeque
408 2782 499 2844 nimis
517 2783 668 2843 attollitur
687 2798 833 2862 unquam,
858 2800 960 2862 neque
980 2781 1072 2844 nimis
1091 2782 1292 2858 submittitur,
1316 2770 1375 2846 sed

63 2905 66 2910 ’
179 2906 319 2968 variatur
340 2921 432 2984 quam
453 2905 603 2979 maxime,
631 2906 747 2985 quippe
768 2923 848 2984 quae
872 2905 983 2980 rebus,
1012 2905 1145 2986 tempori
1174 2913 1206 2968 et
1231 2908 1373 2986 personia

180 3027 411 3091 accomodatur.
452 3027 541 3088 Nuda
568 3027 665 3106 igitur
685 3035 733 3090 est
753 3035 785 3090 et
805 3015 893 3090 velut'
910 3029 1089 3108 incompta;
1120 3045 1214 3113 saepe
1240 3031 1373 3110 simplici

181 3158 212 3212 et
234 3151 417 3212 illaboratae
441 3150 563 3224 similis,
596 3167 655 3212 nec
681 3151 785 3212 verbis
813 3152 964 3230 vultuque
993 3151 1087 3212 nimia
1113 3151 1313 3231 promittens,
1338 3159 1374 3213 ut

181 3275 279 3335 oratio
301 3277 437 3336 Romana
458 3274 550 3352 plane
570 3271 726 3347 videatur,
756 3291 818 3334 non
839 3275 966 3336 civitate
990 3273 1114 3337 donata.
1157 3277 1251 3337 llnlto
1271 3275 1373 3338 minus

180 3400 276 3479 igitur
289 3399 410 3469 florida,
428 3396 569 3459 sublimis
589 3404 620 3457 et
640 3395 800 3470 mirabilis,
824 3415 915 3475 quam
931 3397 1046 3470 vineta,
1063 3396 1188 3456 concisa
1208 3401 1242 3458 et
1263 3400 1373 3474 arguta

96 3545 100 3552 ·
181 3521 348 3584 verborum
375 3522 548 3584 cavillatrix
577 3528 639 3594 est,
668 3521 784 3600 quippe
805 3537 886 3600 quae
912 3521 1004 3600 longe
1028 3520 1278 3600 plurimadona
1300 3517 1373 3579 iuco

181 3645 317 3706 oratorio
336 3646 391 3707 sed
414 3663 432 3706 a
452 3653 563 3725 poetae
581 3643 707 3722 ingenio
728 3647 862 3722 repetat.
904 3643 988 3726 llaec
1009 3650 1112 3704 autem
1131 3637 1284 3704 subtilitas
1304 3657 1374 3706 ora·

182 3765 275 3827 donis
295 3767 469 3828 Lucilianae
491 3785 603 3830 vereor
625 3773 660 3826 ut
688 3784 726 3827 ex
751 3765 804 3840 iis,
829 3783 910 3858 quae
931 3773 1070 3840 exstant,
1099 3766 1281 3846 fragmentis
1301 3769 1375 3830 satis

182 3888 344 3950 commode
365 3889 494 3970 intelligi
515 3891 632 3969 possit;
654 3890 770 3969 quippe
783 3905 877 3968 quam
890 3907 956 3951 rem
970 3905 1033 3950 noo
1047 3897 1108 3950 tam
1128 3889 1374 3969 fragmentorum

184 4012 325 4092 paucitas
348 4027 440 4090 quarn
460 4011 582 4073 illorum
602 4010 729 4074 babitus
750 4019 781 4072 et
807 4013 886 4074 ratio
909 4011 1100 4092 impediunt,
1129 4029 1209 4091 quoae
1232 4029 1303 4074 raro
1322 4011 1372 4071 in-

184 4142 305 4216 tegnam
326 4135 461 4213 aliquam
480 4136 683 4210 sententiam,
714 4136 829 4198 nedum
850 4142 941 4214 aptae
962 4142 993 4196 et
1021 4135 1193 4201 concinnae
1219 4133 1373 4213 composi-

185 4257 277 4320 tionis
298 4257 457 4332 ordinem,
486 4258 663 4318 iuncturam
683 4267 714 4320 et
744 4274 908 4320 numerum
936 4255 1114 4320 ostendunt.
1155 4257 1260 4334 Quare
1285 4251 1375 4315 nobis
