3242 5138
258 447 307 486 xvr
609 427 660 484 bit
679 425 860 490 Pultsoltis
878 424 1100 484 LUClLlANlS.

259 574 394 638 Lucilius
418 574 531 648 habet,
562 572 601 632 ir.
623 573 686 633 inc.
710 572 760 642 96.
804 574 846 632 lix
874 590 934 651 quo
966 573 1034 646 loco
1063 561 1247 652 intelligitur
1272 573 1354 636 banc
1379 593 1452 655 pro-

258 697 484 757 nuntiationem
507 693 645 756 habitam
665 694 759 755 luisse
789 695 1026 774 elegantiorem,
1055 695 1184 756 alteram
1208 695 1332 758 rusticis
1353 699 1452 777 magis

259 817 355 878 inisse
374 817 536 889 usitatam,
560 816 612 894 qui
631 813 865 898 πλατειασμὸν
885 815 1040 893 quendam
1060 816 1280 894 sequebantur.

336 939 430 999 Multo
451 936 607 1016 difficilius
631 944 678 1000 est
698 936 737 997 ad
761 937 1013 1016 intelligendum,
1045 955 1105 1015 quo
1130 937 1242 1016 fragm.
1264 945 1383 1000 sextum
1410 958 1449 1001 ex

258 1059 386 1121 incertis
402 1061 568 1138 pertineat.
610 1061 687 1121 Nam
715 1075 755 1118 ue
785 1059 905 1138 singula
930 1059 1054 1138 quidem
1076 1051 1172 1121 verba
1193 1061 1267 1122 satis
1285 1063 1449 1124 manifesta

259 1189 349 1254 sunt3
371 1189 403 1242 et
422 1181 556 1242 maxime
582 1180 706 1258 quidem
733 1179 876 1242 homines
895 1180 979 1242 docti
998 1181 1031 1240 in
1052 1183 1310 1261 interpretatione
1334 1184 1449 1245 verbo-

260 1321 349 1364 rum:
379 1311 494 1380 tempus
515 1321 582 1364 cum
607 1310 743 1382 torqueat
762 1303 864 1380 ipsum
885 1303 927 1362 oti
947 1303 1064 1365 deliciis
1087 1300 1291 1366 haesitarunt.
1315 1314 1450 1385 torquere

260 1425 345 1506 enirn
365 1443 428 1486 non
448 1424 557 1486 eodem
581 1441 674 1486 sensu
698 1422 815 1485 dictum
836 1441 920 1495 esse,
948 1443 1009 1503 quo
1032 1425 1133 1487 labore
1160 1432 1191 1487 et
1216 1445 1291 1487 euro
1315 1430 1449 1506 torqueri

258 1547 291 1607 id
318 1547 381 1608 iam
409 1545 522 1620 verba,
555 1564 635 1634 quae
665 1554 855 1624 sequuntur,
886 1549 929 1608 oti
958 1549 1091 1619 deliciis,
1121 1548 1196 1610 satis
1229 1548 1442 1629 comprobant.

261 1669 366 1746 Quare
386 1669 489 1748 potius
511 1670 673 1730 statuerim
692 1677 828 1748 torquere
847 1666 880 1728 h.
896 1669 917 1728 l.
942 1669 1009 1730 lere
1027 1669 1111 1731 idem
1131 1687 1198 1734 csse
1219 1672 1301 1749 quod
1321 1672 1451 1744 eircum-

259 1793 393 1871 apitore,
416 1798 448 1852 et
467 1789 635 1870 significari
655 1791 807 1869 Scipionis
827 1791 927 1869 spatia
949 1791 1014 1852 sive
1038 1793 1262 1854 ambulationes
1283 1809 1353 1854 cum
1371 1795 1447 1852 ami-

259 1912 319 1985 cis,
357 1913 469 1990 quibus
499 1919 628 1991 propter
658 1911 945 1992 otiumindulgere
972 1913 1017 1976 illi
1047 1914 1176 1978 licebat..
1212 1912 1273 1974 Sed
1303 1932 1353 1974 me
1382 1931 1445 1980 nou

259 2033 355 2113 fugit,
378 2034 454 2095 alios
467 2034 565 2094 verba
578 2037 621 2094 oti
633 2035 751 2096 deliciis
765 2033 804 2094 ad
826 2035 987 2112 sequeutia
1007 2034 1132 2097 trabere
1154 2043 1185 2097 et
1204 2038 1269 2097 orei
1288 2037 1319 2096 d.
1343 2053 1449 2097 emen-

260 2155 336 2217 dare
348 2175 356 2226 ;
387 2155 442 2216 sed
467 2154 535 2216 talis
555 2161 732 2216 structurae
755 2173 878 2218 sensum
900 2158 996 2217 multo
1024 2157 1126 2217 minus
1154 2173 1317 2251 assequor,
1346 2175 1449 2238 neque

260 2277 334 2355 quid
354 2278 534 2339 coniectura
553 2295 655 2356 nuper
674 2251 714 2337 ab
733 2276 859 2340 homine
879 2278 970 2340 docto
991 2279 1168 2358 proposita:
1191 2288 1305 2356 tempus
1319 2281 1374 2357 qui
1387 2287 1449 2340 tor·

260 2408 330 2479 quet
359 2408 387 2460 et
418 2402 482 2479 ipse
504 2407 510 2470 t
533 2399 583 2460 ou·
612 2406 640 2460 et
668 2400 786 2460 deliciis
811 2402 922 2474 ¹Lr'cirw
945 2417 1070 2462 scurrae
1097 2409 1185 2478 utque
1208 2401 1358 2462 cinaedo”
1388 2401 1447 2464 sibi

260 2521 353 2596 velit,
376 2523 449 2584 satis
468 2523 617 2601 intelligo.
655 2521 721 2594 ⁴Sed
741 2523 919 2600 quicunque
944 2519 1003 2608 loci
1028 2521 1215 2585 vexatissimi
1244 2539 1352 2586 sensus
1377 2525 1446 2599 erit,

260 2643 321 2704 hoc
339 2645 412 2706 satis
431 2645 632 2707 manifestum·
646 2663 715 2724 esse
735 2644 964 2717 dictamum
986 2622 1121 2722 quadam
1141 2644 1447 2709 cavillatione-'uota-

260 2767 322 2828 lum
344 2765 439 2828 fuisse
451 2769 483 2829 in
496 2753 640 2850 Scipione
661 2767 715 2829 otii
731 2767 867 2829 studium
876 2788 885 2838 ;
907 2774 942 2827 ut
955 2767 1136 2830 Africanum
1156 2769 1306 2834 maiorem
1324 2771 1357 2832 iu
1371 2773 1448 2833 Sici-

262 2891 305 2953 tia
326 2908 466 2953 rumores
485 2891 645 2965 terebant,
673 2908 743 2952 cum
764 2890 858 2970 pallio
879 2889 1076 2968 crepidisque
1099 2891 1292 2953 inambulare
1312 2894 1344 2953 in
1364 2911 1453 2970 gym-

262 3012 348 3074 nasio
369 3020 401 3073 et
418 3012 530 3075 libellis
549 3015 784 3093 palaestraeque
805 3027 932 3091 operam
953 3009 1061 3071 dare.''
1074 3011 1141 3072 cfr.
1164 3012 1229 3072 Liv.
1246 3011 1354 3070 xxix.
1372 3011 1419 3071 to.

340 3133 386 3195 Ad
409 3135 588 3196 Africanum
609 3143 732 3214 quoque
752 3135 905 3214 pertinet,
938 3141 1069 3194 auctore
1089 3133 1238 3194 Cicerone
1265 3132 1305 3193 de
1332 3133 1386 3193 Or.
1408 3134 1447 3193 ll.

262 3254 310 3316 62.
324 3256 391 3317 aot.
416 3256 454 3317 ir.
470 3257 531 3319 inc.
545 3259 575 3320 8.
597 3258 710 3337 quibus
729 3257 837 3340 verbis
853 3255 905 3318 ille
919 3255 958 3332 Q.
976 3255 1107 3315 Decium
1128 3253 1300 3332 adpellasse
1314 3252 1447 3328 videtur,

262 3379 337 3456 quid
358 3386 397 3440 tr.
413 3369 455 3458 pl.
473 3380 810 3459 assumpturum
829 3381 861 3440 C.
878 3377 1012 3441 Gracchi
1032 3376 1266 3438 interfectorem
1284 3374 1452 3438 maiestatis

263 3502 431 3564 accusavit.
458 3500 515 3562 cir.
538 3502 653 3565 deor.
676 3503 714 3562 ll.
736 3501 785 3562 50.
802 3500 867 3560 iai.
890 3500 955 3560 Liv.
971 3499 1051 3577 Epit.
1067 3497 1115 3558 ot.
1147 3497 1208 3558 Sed
1235 3494 1314 3556 baec
1342 3496 1451 3557 decem

263 3630 349 3684 certe
375 3624 463 3684 aunis
490 3631 562 3686 ante
591 3624 673 3686 dicta
704 3640 772 3685 esse
797 3637 855 3700 per
882 3639 915 3683 se
943 3626 1047 3699 patet,
1077 3619 1201 3708 oumP.
1221 3618 1324 3698 Scipio
1345 3635 1373 3679 a.
1396 3619 1452 3681 {29

263 3743 345 3804 diem
368 3762 547 3824 supremum
567 3744 689 3806 obierit.
731 3745 777 3803 De
798 3759 891 3804 sensu
910 3740 1002 3801 huius
1025 3741 1086 3801 loci
1116 3741 1231 3802 iamin
1253 3740 1452 3802 adnotatione

264 3866 371 3928 critica
385 3883 485 3946 pauca
499 3865 746 3937 memoravimus,
770 3879 849 3941 quae
871 3879 908 3923 eo
929 3861 1106 3925 confirmari
1121 3862 1278 3934 videntur,
1297 3862 1380 3940 quod
1400 3863 1451 3924 ille

264 3986 407 4050 tribunus
429 4007 492 4050 nou
514 3987 604 4048 modo
625 3986 788 4048 seditiosus
813 3993 845 4047 et
870 4001 997 4057 avarus,
1027 3985 1083 4047 sed
1110 3985 1204 4046 etiam
1222 3985 1398 4048 luxuriosus
1419 3990 1451 4045 et

264 4116 461 4188 sumptuosus
481 4108 575 4169 luisse
595 4107 719 4169 dicitur.
743 4107 807 4168 Cic.
830 4107 869 4168 de
889 4108 945 4170 Or.
968 4109 1007 4168 ll.
1029 4093 1087 4171 oi?
1104 4108 1170 4168 itio.
1194 4107 1238 4168 ita
1258 4113 1293 4176 ut
1312 4100 1453 4167 luxuriae

266 4229 332 4292 eius
352 4230 507 4292 notandae
526 4229 587 4290 iam
610 4233 700 4291 antea
720 4231 757 4290 P.
774 4229 910 4309 Scipioni
930 4229 1063 4292 facultas
1083 4229 1187 4292 fuerit.

342 4354 438 4426 Alter,
460 4369 520 4429 quo
535 4349 771 4416 familiarissimo
784 4371 858 4414 usus
872 4360 920 4414 est
936 4353 1086 4424 Lucilius,
1108 4351 1167 4414 luit
1180 4351 1300 4413 Laelius
1315 4349 1455 4427 sapiens;
