3242 5138
286 459 378 501 uun
488 439 540 498 nn
559 413 802 501 smuononuu
818 435 1016 497 ornnouuu
1033 437 1290 500 nueuunurrs.

285 561 466 664 lenientem.
507 589 608 665 Atque
637 583 698 648 hoo
724 585 792 665 ipsa
818 585 940 646 ratione
966 585 1118 648 Lucilium
1148 586 1188 649 de
1218 585 1401 666 aequalibus
1421 587 1486 652 suis

287 709 584 774 censuromrooisse
604 714 737 770 testatur
757 707 902 770 Horatius
923 709 953 770 S.
970 710 1006 770 ll.
1024 710 1052 770 l.
1076 728 1121 771 vs.
1143 709 1193 772 dl.

1003 830 1139 893 Lucilius
1160 847 1254 894 ausus

412 1023 415 1030 ,
441 955 561 1036 primus
581 955 614 1015 in
633 951 719 1015 hune
737 953 841 1033 operis
861 969 1049 1033 componere
1070 954 1208 1016 earmina
1230 972 1349 1017 morem
1443 987 1445 992 ·

364 1079 367 1086 '
442 1075 619 1138 Detrahere
640 1083 672 1138 ot
692 1075 823 1156 pellem,
845 1075 962 1138 nitidus
982 1093 1044 1155 qna
1064 1075 1194 1156 quisque
1215 1093 1273 1156 per
1293 1093 1346 1138 nra
1362 1071 1374 1132 .”

443 1197 593 1272 coderet,
622 1198 790 1290 introrsum
814 1198 914 1278 turpis
936 1203 998 1260 elo.

288 1335 367 1401 quae
390 1336 542 1400 perquam
562 1319 723 1400 ingeniose
747 1337 764 1382 a
785 1321 852 1384 viro
870 1321 924 1380 illo
945 1318 1122 1384 doctissimo
1136 1319 1293 1401 disputata
1311 1336 1378 1385 esse
1392 1340 1485 1386 nemo

287 1462 350 1506 non
365 1443 531 1522 intelligit3
554 1449 692 1516 attamen
709 1461 822 1505 vereor
834 1450 869 1504 ut
884 1440 980 1504 verba
994 1443 1045 1504 illa
1060 1435 1133 1506 satis
1147 1451 1287 1523 apertum
1299 1444 1485 1522 sententiae,
1576 1483 1580 1490 ·

287 1584 381 1646 qnam
398 1563 533 1626 'efficere
555 1537 645 1639 uult,
679 1564 938 1645 significationem
965 1566 1122 1640 habeant;
1150 1585 1253 1647 neque
1280 1568 1311 1628 in
1332 1585 1415 1647 pano
1433 1568 1485 1630 vel

288 1690 434 1770 panicula
454 1689 565 1750 eadem
585 1689 631 1750 vis
651 1705 731 1768 qnae
752 1690 784 1750 in
806 1689 881 1768 pelli
902 1707 969 1751 esse
989 1689 1124 1752 uidetur.

363 1814 413 1874 F'r.
436 1814 475 1874 ll.
496 1819 583 1874 reete
603 1810 794 1874 Schmidtins
814 1812 932 1874 iudicat
953 1813 1060 1875 deiude
1086 1813 1169 1875 inter
1190 1811 1268 1875 duos
1287 1809 1396 1876 versus
1416 1829 1484 1876 esse

263 2021 264 2026 γ
286 1935 572 2015 interponendum
598 1951 658 2016 qna
682 1935 808 2014 quidem
828 1953 864 1998 re
883 1943 915 1997 et
934 1954 1043 1998 versus
1062 1935 1225 2015 integritas
1245 1935 1428 2008 restituitur,
1452 1941 1486 1996 et

286 2073 387 2136 panna
407 2058 519 2120 omissa
540 2057 765 2138 significantur,
788 2063 912 2137 poterat
929 2058 1011 2118 enim
1025 2058 1167 2138 exempla
1182 2057 1334 2137 quaedam
1353 2057 1484 2122 laudare

287 2178 461 2260 seripturae
480 2198 499 2243 a
520 2199 553 2243 se
573 2180 779 2260 improbatae.
801 2179 840 2242 ir.
857 2181 909 2241 lll.
931 2175 1187 2244 κακοσύνθετον
1201 2176 1401 2242 scribendum
1416 2191 1484 2244 esee

286 2303 393 2364 iamin
405 2302 479 2364 adn.
494 2303 564 2364 crit.
580 2301 724 2390 vidimus
739 2320 777 2362 or
790 2320 836 2363 rue
850 2308 897 2362 est
910 2299 993 2380 apud
1007 2302 1151 2362 Plautum
1164 2301 1257 2362 True.
1275 2303 1312 2362 ll.
1325 2301 1353 2363 2.
1373 2297 1419 2363 17ss
1443 2302 1483 2363 ad

287 2427 338 2487 illi
358 2427 473 2505 Corpet
498 2424 737 2496 animadvertit:
764 2423 914 2484 rusticum
940 2422 1117 2495 hominurn,
1146 2421 1199 2500 qui
1229 2420 1405 2498 antiquiore
1430 2423 1485 2486 illa

287 2547 386 2608 lorlna
413 2555 537 2626 ntalnrq
563 2527 631 2610 esse
659 2545 916 2628 intelligendum:
945 2544 1028 2625 quod
1056 2544 1131 2609 milri
1156 2541 1281 2624 quidem
1305 2549 1413 2604 contra
1436 2543 1493 2606 vi-'

285 2671 399 2744 detur3
420 2671 521 2752 ipsum
545 2672 627 2734 enim
648 2676 773 2751 poetam
790 2677 901 2734 notare
921 2668 1057 2732 videtur.

363 2797 413 2856 Fr.
428 2797 481 2855 lV.
497 2798 578 2854 Pro:
600 2795 668 2855 Due
682 2813 723 2854 ou
738 2803 750 2855 t
768 2792 972 2855 scribendum
986 2799 1053 2855 est:
1075 2789 1142 2854 Due
1154 2810 1196 2854 oo
1212 2790 1254 2852 θ’
1271 2790 1348 2852 illud
1361 2807 1484 2852 merum

286 2918 462 2996 scripturae
479 2914 626 2976 mendum
646 2921 704 2975 est.
746 2887 891 2982 Ceterum
911 2912 1044 2976 sortasse
1061 2915 1155 2994 etiam
1170 2897 1236 2974 'hou
1256 2913 1325 2974 loco
1338 2913 1483 2975 Plautum

286 3037 449 3118 intelligit,
484 3035 537 3115 qui
564 3035 728 3113 aliquoties
754 3034 814 3095 hoe
839 3019 991 3096 uocabulo
1013 3051 1086 3096 usus
1112 3040 1168 3096 est.
1190 3032 1249 3098 eir.
1273 3035 1361 3115 Capt.
1382 3037 1435 3097 lll.
1451 3037 1481 3099 l.

287 3160 326 3219 72
338 3179 346 3231 ;
377 3165 408 3220 et
427 3157 508 3219 llud.
529 3158 582 3217 111.
606 3127 700 3220 ltili.
742 3154 789 3218 Ad
806 3157 986 3231 lectionem,
1010 3173 1101 3235 qnam
1133 3156 1314 3220 coniectura
1334 3155 1481 3230 restituit,

288 3288 375 3346 rece
398 3277 503 3342 sonu
532 3278 862 3342 content-renonum.
884 3281 982 3344 nour.
1004 3297 1036 3359 p.
1058 3279 1145 3342 ross.
1169 3260 1224 3340 rs:
1257 3279 1362 3360 nefor
1388 3277 1484 3340 truso

289 3404 415 3485 leprior
435 3421 476 3466 on
498 3404 534 3483 Q:
556 3385 613 3466 siet
633 3423 675 3465 un
696 3403 731 3466 G.
996 3403 999 3408 ”

364 3528 542 3609 Fragmenti
560 3529 641 3589 sexti
662 3527 816 3590 sententia
836 3526 1003 3589 manifesta
1022 3531 1080 3588 est.
1114 3517 1272 3604 Praecipit
1293 3525 1375 3588 enim
1388 3529 1482 3605 poeta

289 3649 329 3712 de
348 3652 435 3713 varin
458 3650 614 3730 scriptura
641 3657 684 3715 et'
701 3649 831 3730 genitivi
857 3649 1024 3730 singularis
1043 3654 1075 3709 et
1099 3646 1281 3712 nominativi
1301 3647 1431 3728 pluralis
1449 3655 1483 3710 et

289 3773 507 3834 nonnullorum
525 3769 767 3847 vocabulorum,
790 3790 871 3852 quae
891 3779 984 3852 prout
1003 3772 1014 3832 i
1032 3771 1175 3850 longam,
1201 3778 1255 3832 aut
1273 3771 1285 3832 i
1304 3776 1481 3850 correptam

290 3892 424 3970 habent,
455 3896 484 3956 ei
512 3895 563 3956 vel
593 3897 606 3957 i
638 3896 755 3976 scripta
785 3910 853 3957 esse
885 3893 994 3957 voluit.
1043 3892 1103 3956 Sed
1131 3893 1185 3973 qui
1203 3900 1377 3974 sequuntur
1397 3892 1482 3972 apud

187 3991 189 3996 ¹
289 4019 424 4078 llousam
452 4034 581 4092 versus,
611 4035 688 4097 quos
712 4018 807 4080 etiam
832 4017 995 4098 Corpetins
1023 4016 1242 4096 exprimendos
1262 4015 1398 4089 curavit,
1427 4022 1483 4080 aut

288 4138 334 4200 ita
357 4137 454 4200 laceri
474 4147 557 4214 sunt,
579 4148 615 4202 ut
634 4150 761 4221 praeter
781 4157 881 4220 panea
896 4139 1047 4203 voeabula
1068 4142 1112 4202 nil
1130 4141 1205 4202 satis
1219 4147 1339 4202 eertum
1353 4137 1481 4212 dixeris,

290 4267 345 4326 aut
370 4278 410 4322 ex
435 4261 515 4324 libro
542 4271 653 4344 quarto
679 4264 713 4324 in
740 4263 876 4326 alienum
902 4265 1004 4326 locum
1031 4247 1116 4326 illata
1137 4270 1219 4326 sunt.
1259 4261 1370 4326 Lucilii
1385 4260 1482 4341 igitur

289 4401 358 4446 esse
378 4381 544 4490 videntuf:
573 4384 724 4448 Seruuodi
742 4387 864 4448 numeri
882 4403 1043 4450 numerum
1064 4403 1215 4453 seruentur
1228 4427 1235 4448 .
1249 4425 1281 4448 ..
1302 4401 1379 4464 quoe
1390 4405 1400 4457 ;
1426 4381 1481 4448 ubi

314 5074 342 5079 -
411 4862 550 5080 f
900 4768 1082 5080 te
