3242 5138
610 459 660 515 on
680 457 711 516 u
724 459 862 518 uuermr
880 459 983 518 vira.
1134 444 1136 446 ’
1365 483 1393 522 11
1426 447 1428 454 ⁴
1456 476 1461 486 ·

208 603 379 669 confirmat.
421 605 571 667 Lucilium
600 622 675 666 vero
705 606 755 666 vel
782 612 924 668 ¹cutrema
951 612 1055 702 aetate¹
1082 579 1168 686 poesi
1187 608 1341 675 studuisse
1363 617 1395 670 et

206 731 343 792 Liciniae
366 729 442 808 legis
461 727 729 800 commemoratio,
755 735 787 788 et
809 714 891 806 quod
912 729 1067 808 Opimium
1094 731 1312 810 Iugurthinum
1335 748 1392 811 ap·
1432 710 1435 718 ’
1486 752 1493 768 .

206 851 319 930 pellat,
344 849 438 911 Lucil.
460 849 570 928 fragm.
593 851 642 910 ot.
659 851 686 914 l,
710 849 765 910 Ed.
792 857 888 910 nostr.
914 851 1159 912 testimoniocst.
1189 852 1408 916 Sedsiuullis'

206 971 377 1034 rationibus
397 977 501 1050 potest
519 972 638 1044 evinci,
660 973 810 1033 Lucilium
831 979 955 1051 postam
975 973 1070 1046 vitam
1089 959 1187 1057 usque
1211 971 1251 1035 ad
1278 991 1393 1036 annum

206 1095 430 1173 sexagesimum
454 1093 655 1173 perduxisse,
683 1087 787 1154 emen
819 1093 929 1175 aliquis
954 1111 1081 1166 necesse
1108 1113 1175 1158 esse
1203 1097 1331 1169 dixerit,
1359 1102 1394 1157 ut

205 1216 321 1294 aliquot
342 1222 430 1277 certe
457 1215 547 1276 annis
572 1221 645 1276 ante
671 1221 762 1278 natus
782 1216 848 1289 sit,¹
870 1233 962 1294 quarn
982 1217 1191 1296 Hieronymus
1207 1216 1392 1289 tradiderit3

203 1336 235 1397 id
261 1337 343 1416 quod
370 1343 403 1398 et
422 1355 462 1398 ex
479 1339 545 1398 sius
564 1338 684 1412 militia,
716 1344 747 1398 et
767 1355 806 1400 eu
825 1339 976 1418 Scipionis
997 1339 1141 1414 amicitia,
1165 1345 1196 1404 et
1216 1351 1255 1400 ex
1275 1342 1393 1421 Horatii

103 1512 105 1516 .
201 1459 324 1521 'iudicio'
340 1459 444 1539 colligi
463 1461 569 1538 possit.
605 1461 682 1521 Nam
696 1459 765 1521 hoc·
776 1477 838 1520 non
856 1467 904 1522 est
916 1441 1112 1544 timendum,¹
1130 1464 1252 1542 nequis
1271 1468 1392 1526 llacro-

204 1580 290 1642 bium
310 1588 420 1644 testem
441 1581 564 1654 laudet,
589 1582 642 1658 qui
662 1583 695 1643 G.
710 1581 834 1656 litium,
857 1583 958 1644 virum
979 1587 1086 1645 aciatis
1107 1585 1297 1662 Lucilianae,
1320 1605 1392 1649 ora-

202 1703 287 1764 tione
307 1704 410 1783 legem
431 1703 579 1763 Fanniam
600 1703 732 1764 suasisse
752 1703 857 1765 tradit.
880 1707 1004 1766 saturn.
1019 1707 1058 1766 ll.
1075 1707 1123 1766 lt.
1144 1707 1235 1784 Quae
1251 1709 1303 1770 lex
1322 1727 1393 1770 cum
1476 1704 1479 1715 '

202 1824 302 1885 Plinio
323 1826 511 1886 auctore-XI
533 1826 622 1885 annis
641 1832 714 1886 ante
733 1827 860 1886 tertium
889 1819 1011 1886 bollum
1029 1826 1183 1888 Punicum
1209 1830 1271 1890 lata
1299 1830 1393 1892 luerit

202 1947 262 2007 cir.
278 1950 314 2009 N.
330 1948 367 2009 H.
383 1949 421 2008 X.
437 1946 485 2008 dd.
507 1963 637 2008 necesse
657 1953 721 2017 est,
743 1953 778 2006 ut
798 1947 907 2008 Lucilii
926 1948 1008 2010 vitae
1027 1948 1149 2010 initium
1169 1949 1392 2030 quinquaginta

204 2067 293 2128 amnis
320 2074 392 2128 ante
419 2076 564 2148 ponatur.
606 2067 667 2130 Sed
693 2086 734 2136 no
760 2075 882 2148 tempus
911 2069 945 2129 in
974 2069 1177 2149 explodendis
1206 2073 1393 2136 coniecturis

201 2197 352 2264 teramus,
375 2190 487 2268 quibus
506 2207 567 2252 van
587 2187 742 2266 Heusdius
755 2188 896 2251 Ciceroni
910 2191 1257 2266 succurrerestuduit,
1269 2193 1393 2257 subiicit

200 2329 338 2386 monere,
357 2314 460 2391 legem
474 2312 623 2373 Liciniam
636 2311 715 2372 nihil
727 2312 810 2373 aliud
825 2330 916 2390 quam
926 2314 1077 2395 Fanniam
1089 2332 1257 2378 renovasse
1265 2337 1274 2388 ;
1294 2335 1391 2395 quare

200 2433 297 2494 litias
312 2433 398 2514 'legis
422 2434 556 2496 Fanniae
581 2433 849 2496 commendatione
863 2435 909 2495 uti
921 2441 1059 2514 poterat,
1080 2443 1117 2497 ut
1129 2437 1229 2525 legem
1243 2437 1392 2500 Liciniam

200 2553 356 2616 suaderet.
396 2555 535 2616 Militiam
565 2556 648 2634 quod
678 2557 806 2630 attinet,
841 2557 902 2618 iam
931 2557 1098 2636 Vargesius
1127 2569 1208 2619 rem·
1223 2559 1388 2639 explicuit,

200 2675 374 2754 docuitque·
387 2684 453 2736 tum
466 2679 568 2738 ,moris
588 2678 694 2752 fuisse,
717 2684 752 2738 ut
770 2679 904 2738 iuvenes·
918 2679 1048 2738 Romani
1067 2680 1163 2740 multo
1189 2687 1262 2742 aute
1285 2680 1390 2760 legiti-

199 2802 434 2857 mamfaetatem'
448 2796 602 2875 stipendia
622 2796 779 2870 lacerent,
802 2803 856 2857 aut
868 2797 1038 2870 voluntate,
1061 2815 1121 2875 quo
1141 2801 1292 2862 maturius
1312 2803 1389 2862 tiro-

200 2917 282 2978 cinio
296 2917 436 2996 deposito
450 2918 482 2978 in
501 2917 624 2978 iudiciis
638 2924 850 2992 versarentur,
863 2925 927 2982 »aut
938 2919 1049 2992 eoacti,
1072 2919 1154 2996 quod
1167 2928 1297 3004 proptor
1308 2922 1390 2983 bella

198 3045 355 3118 perpetua
377 3039 566 3113 iuventutis,
589 3055 685 3117 *quae
715 3041 837 3118 patiens
864 3040 1124 3114 militiastcssst,
1160 3043 1292 3121 penuria
1322 3061 1390 3108 esse

198 3167 355 3240 coeperat.
393 3159 472 3222 Hinc
484 3160 536 3221 lex
552 3161 605 3222 Gai
618 3161 752 3222 Gracchi
772 3167 860 3222 orta:
884 3159 1047 3242 νεώτερον
1065 3162 1148 3226 ἐτῶν
1161 3161 1389 3230 ἑπτακαίδεκα

198 3281 248 3367 μὴ
261 3281 525 3364 ;καταλέγεσ3αι
553 3280 770 3365 caparasima.
798 3283 856 3344 eir.
884 3285 949 3345 Liv.
972 3285 1072 3347 XXV.-
1086 3285 1115 3346 t.
1142 3285 1224 3346 Duk.
1241 3286 1293 3346 ‘ad
1322 3287 1386 3348 Liv.

82 3490 87 3500 .
196 3403 304 3467 xxvt.
326 3404 375 3467 id.
399 3405 453 3477 ll;
474 3399 604 3484 Varges.
619 3406 651 3465 l.
667 3406 688 3465 l.
705 3423 737 3484 p.
752 3405 878 3468 tlt-59.
901 3407 956 3484 qui
975 3408 1073 3468 multa
1092 3407 1193 3469 aliena
1212 3409 1386 3481 immiscuit.

197 3525 298 3587 Facile
325 3526 421 3607 igitur
448 3525 517 3586 lieri
545 3528 662 3606 potuit,
692 3505 889 3588 utsLuoilius
909 3527 961 3588 vix
981 3527 1159 3604 quindecim
1179 3544 1274 3589 annos
1297 3535 1388 3591 natus

199 3661 296 3724 eques
313 3653 469 3720 mererot;
491 3665 550 3727 qua
570 3649 613 3726 in
629 3666 663 3710 re
684 3649 808 3728 Baylius
830 3649 963 3710 maxime
984 3647 1128 3721 offendit,
1158 3650 1212 3728 qui
1237 3667 1292 3711 suo
1318 3651 1387 3725 iure

196 3769 331 3842 monuit,
358 3787 420 3832 non
442 3771 622 3848 omnesqui
651 3770 685 3830 in
716 3769 922 3844 contubernio
950 3771 1147 3851 imperatoris
1173 3777 1227 3832 aut
1249 3772 1315 3833 eins
1334 3789 1387 3832 co-

193 3886 294 3962 horti,
316 3907 395 3966 quae
415 3892 590 3966 dicebatur,
613 3889 762 3971 adscripti
792 3892 927 3975 luerint,
957 3893 1113 3972 stipendia
1138 3894 1317 3972 esquestria-
1336 3893 1385 3954 le-

196 4008 287 4072 cisse.
316 4011 406 4088 Quod
426 4020 461 4074 ut
481 4014 709 4088 concedamus,
730 4021 845 4087 tamen,
868 4015 952 4093 quod
971 4014 1049 4078 haec
1068 4015 1177 4076 militia
1197 4022 1266 4078 erat
1284 4016 1384 4078 hono·

196 4130 379 4206 rilicentior,
410 4132 469 4194 hoc
498 4135 620 4198 iuvenis
641 4134 786 4214 dignitati
809 4143 902 4214 atque
930 4136 1049 4215 ingenii
1079 4137 1289 4216 praestantiae
1318 4137 1386 4198 dari

189 4251 305 4329 potuit.
347 4254 411 4316 lam
432 4255 515 4332 quod
534 4257 618 4320 idem
641 4258 785 4337 Scipione
819 4263 852 4318 et
877 4257 981 4319 Laelio
1007 4257 1201 4320 familiariter
1224 4275 1299 4320 usus
1318 4273 1385 4320 esse

196 4371 320 4449 dicitur,
343 4375 542 4442 statuendum
560 4386 626 4454 est,
654 4379 795 4444 homines
821 4379 889 4442 illos
909 4379 1050 4460 egregios
1070 4381 1159 4460 pueri
1185 4380 1310 4459 ingenio
1330 4378 1385 4440 dc·
