3250 5136
585 405 588 410 '
655 395 703 460 DE
722 395 881 458 tusleio.
1307 387 1358 443 est

256 562 335 608 nece
356 543 424 604 eius
439 541 607 604 consilium
621 542 773 622 cepisset,
788 541 926 622 ¹Meropa
945 540 1049 604 anuis
1063 558 1161 613 uxor,
1183 538 1271 599 hisce
1286 554 1358 597 eum

256 657 360 719 verbis
381 655 530 721 eluserit:

335 773 365 836 el
385 771 451 857 γὰρ
473 771 505 836 c'
528 770 664 854 ἔμελλεν
684 771 730 850 ὥς
753 771 797 836 od
816 771 888 855 φῂς
909 771 1046 836 κτείνειν
1068 768 1187 848 πόσις,

332 887 425 972 χρῆν
443 885 502 958 καὶ
523 885 563 960 oi
580 885 724 968 mittar.
742 888 806 965 tut
827 882 954 970 κθόνος
974 881 1080 968 »ᾖδεν
1100 881 1226 966 παρῆν.

258 1007 298 1067 At
315 1003 378 1068 hoc
398 1002 505 1086 enim.
520 1002 638 1084 inquit,
661 1001 811 1070 stultitiae
832 1001 961 1081 plenum
976 1007 1038 1074 eet,
1062 1018 1101 1062 eo
1116 997 1250 1062 consilio
1263 1000 1360 1077 atqua

256 1135 294 1176 eo
319 1116 382 1178 line
401 1116 507 1178 tacere
527 1116 609 1178 velle
632 1115 770 1199 aliquid,
798 1116 843 1176 uti
873 1133 1034 1197 nunquam
1062 1113 1095 1176 id
1123 1112 1239 1184 iacias,
1272 1107 1358 1192 quod

258 1232 346 1293 velis.
448 1292 451 1297 ,

573 1353 656 1413 Serv.
680 1354 720 1412 cd
742 1353 818 1412 Aca.
841 1352 881 1412 X.
896 1351 964 1412 558.

179 1473 227 1537 8t.
255 1478 350 1537 Parce
371 1480 475 1546 autem
490 1480 538 1536 est
561 1474 735 1537 secundum
752 1473 898 1556 antiquos
919 1490 1022 1542 serva,
1043 1476 1079 1532 ut
1098 1470 1183 1551 apud
1202 1467 1358 1530 Lucilium

257 1598 289 1652 et
308 1556 444 1651 Ennium
464 1589 632 1650 invenitur.

632 1756 752 1832 Q'er'act.
776 1758 803 1814 1.
820 1755 848 1816 l.
866 1755 912 1815 to.

179 1879 228 1940 85.
257 1879 292 1938 lu
323 1878 435 1939 iisdem
467 1871 551 1960 (scil.
583 1877 788 1939 substantivis
822 1877 944 1957 primae
974 1873 1213 1956 declinationis)
1244 1871 1360 1954 plurali

257 2011 389 2054 numero
409 1992 435 2052 E
456 1993 643 2068 utebantur,
667 1991 700 2052 hi
721 1991 834 2052 Sullae.
858 1991 982 2052 Galbae.
1021 1990 1080 2051 Est
1101 1989 1133 2051 in
1153 1989 1212 2052 hac
1233 2005 1360 2070 quoque

256 2113 345 2190 parte
373 2107 487 2168 Lucilii
512 2112 738 2188 praeceptum:
770 2107 873 2189 quod,
906 2106 981 2187 quia
1011 2105 1154 2186 pluribus
1184 2101 1362 2183 explicatur

256 2223 417 2294 versibus,
452 2223 478 2282 si
507 2222 578 2304 quis
604 2241 717 2302 parum
747 2221 872 2293 eredat,
902 2220 987 2301 apud
1012 2220 1116 2300 ipsum
1144 2217 1177 2280 in
1201 2237 1287 2278 nono
1311 2235 1360 2277 re·

231 2337 370 2420 ·quirat.

631 2459 752 2536 Qutcct
775 2460 801 2518 1.
817 2461 846 2518 7.
864 2459 910 2519 td.

179 2601 227 2660 86.
254 2601 377 2660 Diutius
399 2599 523 2660 duravit
546 2604 579 2658 ut
602 2617 632 2668 c,
655 2600 667 2655 t
693 2596 861 2679 iungendis
883 2598 994 2657 eadem
1018 2596 1140 2656 ratione
1162 2614 1225 2677 qua
1247 2591 1358 2655 Graeci

257 2713 301 2786 εἰ,
321 2716 504 2784 uterentur;
527 2729 566 2772 ex
588 2710 716 2772 casibus
737 2710 942 2790 numerisque
964 2709 1099 2771 discreta
1120 2715 1183 2780 est,
1208 2712 1242 2769 ut
1267 2707 1360 2768 Luci-

256 2826 317 2897 lius
339 2825 515 2911 praecipit:
539 2831 599 2888 etc.

612 2945 733 3071 Quicct
755 2996 813 3056 IX.
829 2996 857 3056 l.
871 2995 920 3056 58.

179 3138 227 3198 87.
256 3136 346 3238 Quae
367 3135 424 3197 fuit
446 3154 542 3198 causa
563 3142 594 3196 et
616 3133 743 3211 Servio,
764 3139 798 3196 ut
813 3123 901 3208 dixi,
923 3134 1158 3196 subtrahendae
1182 3135 1202 3195 8
1224 3134 1358 3205 litterae,

256 3251 401 3335 quotiens
431 3251 542 3312 ultima
572 3256 656 3312 esset
687 3250 813 3332 aliaque
844 3256 1038 3320 consonante
1070 3250 1294 3329 susciperetur.
1323 3281 1357 3292 -

254 3368 333 3428 Nam
361 3385 465 3448 neque
498 3366 655 3428 Lucilium
684 3370 796 3445 putant
822 3367 866 3428 uti
897 3365 1010 3427 eadem
1038 3365 1241 3424 attimacum
1271 3363 1356 3422 dicit.

226 3516 228 3521 ν
256 3481 377 3542 Sereac'
401 3480 463 3560 fuit
491 3486 523 3542 et
548 3480 652 3559 dipau'
680 3479 799 3558 locoque
827 3484 858 3540 et
888 3479 999 3568 Cicero
1031 3479 1062 3538 in
1092 3478 1224 3538 Oratore
1251 3476 1357 3556 plures

255 3593 454 3675 antiquorum
475 3593 569 3656 tradit
589 3569 635 3656 sic
655 3594 790 3655 locutos.

620 3763 759 3824 Isidorus
778 3765 806 3821 1.
822 3765 870 3828 li.
885 3763 914 3822 5.

177 3903 224 3962 88.
255 3902 453 3964 -Lucilius
478 3909 601 3967 centum
623 3922 740 3985 genera
765 3905 1026 3967 soloecismorum
1050 3903 1138 3976 chit.

587 4076 723 4134 Isidorus
744 4075 832 4135 XIX.
847 4074 894 4134 50.
914 4076 939 4131 l.

175 4212 222 4276 89.
253 4214 388 4277 -haec
411 4211 489 4291 (scil.
513 4214 640 4296 corona)
662 4235 680 4276 a
700 4217 824 4278 Lucilio
848 4219 960 4278 corolla
983 4218 1021 4276 ab
1045 4217 1183 4279 Homero
1207 4209 1357 4290 στεφάνη

252 4327 336 4389 dieta
357 4335 413 4388 est.
