3250 5136
288 417 354 472 lta
679 415 914 477 TESTIMONIA
932 419 1113 477 VETERUM

679 565 740 628 Nec
757 565 853 626 molto
870 573 949 644 post.
971 565 1020 628 lo.
1043 585 1105 646 sqq.

302 687 351 747 26.
379 685 449 749 IIoc
470 691 553 760 erat,
576 693 709 767 experto
729 685 844 747 frustra
866 687 1006 750 Varrone
1027 689 1178 763 Atacino,

379 802 482 883 Atque
503 799 693 883 quibusdam
715 799 803 874 aliis,
827 801 941 862 melius
961 802 1049 883 quod
1069 804 1209 866 scribere
1232 823 1378 886 possem,

376 916 543 978 Inventore
563 914 686 976 minor:
708 932 814 996 neque
835 932 895 997 ego
915 915 970 978 ille
992 917 1158 979 detrahere
1179 921 1281 982 ausim

377 1029 568 1091 Haerentem
588 1029 685 1110 capiti
708 1029 805 1090 multa
828 1049 900 1091 cum
920 1031 1016 1092 laude
1037 1013 1201 1094 coronam.

376 1145 417 1205 At
437 1143 503 1204 dixi
524 1143 726 1205 fluerebunc
747 1144 955 1206 lutulentum:
978 1164 1075 1227 saepe
1094 1146 1248 1210 ferentem

376 1259 471 1320 Plura
491 1258 619 1341 quidem
640 1258 781 1320 tollenda
800 1258 1030 1341 relinquendis.
1052 1279 1126 1342 age,
1148 1281 1287 1345 quaeso,

377 1376 425 1436 Tu
448 1373 526 1436 nihil
548 1372 581 1434 in
601 1391 717 1454 magno
740 1373 852 1434 doctus
873 1374 1081 1454 reprehendis
1102 1375 1268 1438 Homerot

375 1489 426 1549 Nil
446 1487 545 1549 comis
565 1487 690 1570 Tragici
711 1493 809 1549 mutat
830 1489 979 1550 Lucrnrus
992 1490 1101 1558 Accii

376 1603 445 1663 Non
465 1601 546 1664 ridet
565 1621 675 1665 versus
695 1602 778 1663 Enni
799 1602 951 1684 gravitate
973 1604 1129 1677 minores,

380 1716 458 1778 Cum
480 1717 520 1777 de
542 1735 577 1777 se
596 1715 753 1796 loquitur,
775 1735 840 1802 non
861 1723 894 1777 ut
914 1718 1034 1779 maiore
1054 1720 1240 1800 reprensis‘t'

378 1831 463 1906 Quid
481 1836 567 1893 vetat
590 1835 622 1891 et
640 1836 765 1891 nosmet
784 1831 899 1892 Lucrul
919 1832 1037 1913 scripta
1058 1823 1199 1915 legentes

377 1945 558 2019 Quaerere,
580 1964 655 2005 num
677 1945 779 2018 illius,
801 1965 877 2006 num
897 1962 1001 2007 rerum
1026 1947 1106 2010 dura
1125 1950 1249 2030 negarit

376 2059 559 2121 Versiculos
579 2064 693 2121 natura
713 2059 813 2140 magis
832 2059 934 2121 factos
955 2066 986 2121 et
1006 2067 1116 2122 euntes

374 2171 526 2234 Molliusl
548 2179 580 2235 at
602 2175 629 2235 si
651 2174 722 2257 quis
743 2174 879 2255 pedibus
900 2175 976 2257 quid
998 2174 1147 2237 claudere
1169 2178 1270 2252 senis,

376 2289 447 2350 Hoc
467 2293 589 2350 tantum
610 2293 794 2362 contentus,
817 2293 900 2349 amet
920 2289 1086 2369 scripsisse
1107 2291 1262 2354 ducentos

376 2404 457 2464 Ante
478 2402 583 2463 cibum
603 2421 731 2477 versus,
753 2401 886 2464 totidem
907 2410 1079 2465 caenatus:
1099 2403 1224 2466 Etrusci

376 2516 479 2591 Quale
498 2515 557 2578 luit
577 2515 666 2577 Cassi
687 2515 799 2598 rapido
820 2516 990 2580 ferventius
1012 2517 1097 2579 amni

374 2631 561 2714 Ingenium:
584 2631 689 2713 capsis
709 2649 804 2713 quem
823 2630 908 2693 fama
928 2637 975 2694 est
995 2651 1066 2694 esse
1088 2633 1242 2716 librisque

374 2745 562 2808 Ambustum
582 2746 739 2827 propriis:
762 2746 857 2807 fuerit
877 2745 1046 2822 anrrrcs,
1068 2749 1214 2830 inquam,
1274 2753 1303 2770 '⁸

377 2858 483 2922 Comis
504 2866 535 2919 et
554 2859 715 2920 urbanus:
736 2858 832 2920 luerit
852 2859 990 2923 limatior
1009 2863 1115 2935 idem,
1273 2853 1274 2856 ¹

376 2973 479 3047 Quam
500 2972 605 3043 rudis,
628 2979 660 3032 et
677 2973 806 3034 Graecis
827 2974 935 3036 intacti
957 2977 1105 3038 carminis
1126 2982 1254 3054 auctor,

377 3084 544 3164 Quamque
565 3089 731 3165 poetarum
752 3086 913 3158 seniorum
933 3089 1047 3178 turba:
1070 3091 1128 3154 sed
1147 3092 1203 3154 ille

376 3199 409 3260 si
428 3198 511 3259 foret
530 3198 590 3259 boc
611 3205 754 3261 nostrum
773 3201 839 3263 lato
861 3201 975 3267 dilatus
996 3204 1028 3267 in
1048 3225 1179 3282 aevum,
1238 3215 1241 3218 '

373 3315 540 3376 Detereret
561 3313 622 3374 sibi
642 3313 764 3376 multa:
786 3316 943 3378 recideret
963 3337 1056 3380 omne
1077 3321 1164 3402 quod
1184 3323 1264 3384 ultra

373 3428 551 3492 Perfectum
571 3427 768 3492 traheretur:
791 3407 874 3492 etin
894 3451 987 3495 versu
1007 3433 1154 3504 faciendo

373 3544 476 3625 Saepe
498 3550 594 3626 caput
613 3543 775 3618 scaberet,
795 3544 883 3608 vivos
905 3553 936 3608 et
955 3549 1084 3611 roderet
1103 3570 1237 3634 ungues.
1289 3535 1293 3538 ’
1386 3614 1388 3618 .

618 3712 760 3772 Eiusdem
780 3731 816 3773 ea
835 3714 889 3776 lib.
904 3716 950 3776 II.
973 3717 1001 3776 l.
1025 3715 1071 3776 lb.
1093 3733 1156 3796 sqq.

297 3829 346 3892 27.
373 3806 520 3892 Attamen
543 3839 574 3894 et
593 3832 710 3896 iustum
731 3840 875 3917 poteras,
900 3844 932 3900 et
951 3837 1090 3900 scribere
1110 3840 1245 3916 fortem;

373 3944 553 4026 Scipiadam
575 3954 608 4008 ut
627 3948 754 4029 sapiens
776 3949 939 4014 Luornrus.
954 3987 991 3996 -
1003 3986 1038 3998 ·-
1052 3987 1086 3998 -

742 4111 780 4172 ur
802 4129 881 4174 mox.
908 4113 956 4174 28.
977 4131 1040 4194 sqq.

295 4224 343 4288 28.
374 4258 409 4272 -
423 4259 457 4272 -
470 4258 505 4272 -
528 4245 577 4288 me
598 4229 734 4310 pedibus
756 4231 893 4296 delectat
913 4234 1062 4299 claudere
1081 4237 1178 4302 verba
1224 4281 1229 4292 ·

372 4339 485 4404 Lucrnl
506 4343 584 4417 ritu,
607 4351 751 4408 nostrum
769 4347 911 4412 melioris
932 4357 1078 4434 utroque.
1145 4381 1148 4392 ·
