3290 5130
545 440 595 498 nli
618 437 815 498 ottallollu
838 435 987 496 LUCILII.
1267 459 1356 500 cxxxv

165 585 433 660 reuertissent.
444 601 561 666 o.qoae
575 583 709 666 augures
723 583 1352 664 tuenturoeulisnotantetquedesierant,

164 730 245 792 qnae
258 728 328 774 enm
342 710 413 776 iere
434 711 502 776 losa
517 708 654 770 solitaria
673 714 706 769 et
726 707 766 767 alr
779 704 939 769 hominum
953 705 1078 770 sedibus
1091 713 1290 772 remotaesse
1304 724 1353 774 so

163 835 258 908 leant,
274 849 381 896 omnes
395 847 476 910 quae
496 847 590 910 supra
611 835 800 891 memoratae
814 834 903 901 sunt,
927 825 1020 890 huius
1036 828 1178 892 vocabuli
1197 827 1353 908 signitica-

164 957 274 1028 tiones,
293 954 385 1016 iawoile
398 954 471 1015 inde
487 952 600 1018 deduci
618 959 760 1031 possunt.
800 951 867 1010 Non
880 949 982 1012 minus
995 948 1089 1010 dubia
1102 947 1286 1028 significatio
1299 967 1352 1012 vo-

164 1075 267 1137 eabuli
287 1091 404 1148 vescae,
429 1074 468 1136 de
488 1093 550 1153 quo
570 1076 680 1142 Festus
698 1092 729 1152 p.
745 1073 813 1135 568.
837 1073 900 1137 Old.
929 1074 1077 1144 „Versata
1092 1072 1288 1144 fastidiosus3
1309 1075 1352 1134 Ve

164 1199 247 1260 enim
266 1215 323 1276 pro
337 1197 448 1281 pusillo
467 1197 659 1268 utebantur;
679 1195 841 1259 Lucretius
854 1211 979 1259 vesorem
993 1194 1072 1258 dixit
1090 1194 1236 1267 edacem,
1257 1211 1352 1272 quum

165 1318 227 1380 rit:
247 1321 431 1392 Neomare,
455 1335 535 1396 quae
551 1317 750 1398 impendent,
772 1323 865 1378 vesco
878 1316 943 1384 sale
961 1333 1035 1378 saxa
1055 1317 1197 1395 peresa.”
1226 1319 1350 1388 lueret.

163 1442 288 1514 tow
313 1443 369 1504 sed
395 1441 537 1508 Lucilius,
555 1441 610 1502 lib.
632 1441 742 1504 XXVl.
772 1457 843 1500 eurn
867 1439 992 1504 dixerit*
1008 1457 1133 1518 ,‚quam
1159 1411 1352 1504 fastidiosum

163 1566 195 1622 et
212 1579 338 1624 vescum
361 1564 491 1630 rivere''
521 1561 607 1624 haud
634 1562 728 1626 dubie
758 1563 817 1624 hoe
845 1563 1214 1642 vocabulo‚,synonymo
1240 1562 1352 1641 prioris

163 1699 235 1758 usus
256 1691 312 1758 est
355 1685 457 1762 Quam
476 1684 710 1764 significationis
729 1684 942 1751 diversitatem
958 1683 1073 1746 Gellius
1092 1685 1128 1746 N.
1144 1684 1180 1746 Α.
1195 1683 1305 1746 XVlll.
1318 1683 1350 1746 o.

163 1806 242 1867 teste
263 1806 399 1885 Sulpicio
423 1807 623 1886 Appollinare
642 1825 732 1879 usus,
753 1807 797 1866 ite
816 1805 972 1882 explieat:
995 1805 1069 1874 „Ve
1089 1804 1241 1881 particula
1261 1803 1354 1866 siouti

162 1927 316 2006 quaedam
341 1915 417 2000 alia,
440 1934 506 1988 tom
523 1927 729 1990 intentionem
753 1924 923 2004 significat,
945 1931 1011 1988 tum
1029 1924 1242 1988 minutionem.
1258 1925 1353 1986 „Nam

162 2054 248 2108 oetas
276 2053 308 2108 et
335 2047 509 2119 solomon-r,
542 2049 673 2110 altorum
699 2045 739 2108 ab
769 2047 880 2108 aetatis
908 2044 1121 2125 magnitudine
1150 2046 1354 2125 compositum

164 2167 336 2248 elisumque
357 2175 424 2242 est,
446 2170 577 2231 alterum
590 2187 608 2231 a
622 2170 734 2231 mentis
755 2169 786 2230 vi
806 2175 900 2247 atque
919 2168 1038 2247 impetu
1057 2166 1181 2229 dieitur.
1226 2170 1353 2228 Versum

164 2295 286 2364 autem,
313 2283 397 2368 quod
424 2309 464 2354 ex
489 2309 527 2354 vo
552 2291 705 2370 particula
733 2299 765 2354 et
792 2307 862 2352 esca
889 2292 1068 2370 copulatum
1095 2297 1159 2362 est,
1176 2290 1354 2368 utriusque

162 2411 556 2492 diversaesignifieationis
577 2414 639 2474 vina
662 2415 777 2494 eapit.’',
816 2413 878 2476 Sed
901 2431 920 2478 a
945 2409 1073 2492 Virgilio
1093 2431 1195 2474 vescor
1216 2412 1352 2491 frondes,

163 2532 203 2594 ab
222 2533 357 2596 Airanco
377 2535 546 2608 imbecillos
566 2537 661 2598 veseis
682 2536 801 2596 viribus
815 2536 933 2596 dietum
953 2539 1010 2598 est.
1052 2533 1140 2596 Unde
1160 2541 1247 2598 reote
1268 2534 1354 2596 oolli-

163 2655 248 2735 gitur
266 2656 446 2734 primariam
462 2654 599 2734 syllabae
614 2674 648 2716 ve
662 2657 818 2717 notionem
839 2657 932 2733 paulo
947 2650 1039 2716 altius
1057 2673 1124 2717 esse
1137 2656 1351 2734 repetendam.

163 2777 227 2838 lam
249 2777 443 2856 omniaquae
464 2775 594 2838 adonius
617 2775 663 2836 rei
686 2775 950 2849 morimundum,
976 2794 1038 2836 non
1060 2793 1132 2842 rara
1152 2777 1185 2836 in
1205 2794 1353 2855 perversa

163 2903 195 2959 et
215 2897 373 2959 contraria
391 2897 522 2971 mutari,
545 2897 619 2960 satis
632 2905 763 2961 constat.
800 2900 842 2959 Ve
863 2899 959 2978 igitur
978 2899 1079 2978 primo
1093 2899 1163 2963 loeo
1175 2898 1239 2960 vim
1251 2897 1351 2988 verbi,

164 3020 215 3082 eui
239 3018 439 3102 antipositum
469 3026 516 3081 est
539 3011 649 3098 auget,
680 3020 817 3092 seeundo
838 3022 914 3092 ¹loeo
940 3021 971 3082 irr
999 3038 1180 3101 perversum
1198 3021 1352 3084 dodeotit.

164 3143 209 3202 lta
232 3147 318 3202 recte
341 3141 472 3204 Ovidius
491 3142 572 3202 Fast.
593 3142 646 3202 lll.
660 3142 736 3214 itm
757 3145 926 3223 oeoroodio
941 3144 1034 3223 forro
1047 3146 1162 3218 coloni,
1179 3163 1261 3224 ¹quoe
1273 3145 1354 3212 aeolo

165 3271 331 3336 creverant,
352 3281 495 3343 vescaque
514 3279 613 3342 parvo
627 3273 754 3336 ooooat,
775 3265 820 3326 ld.
837 3266 857 3326 l:
872 3267 892 3328 l.
908 3268 960 3328 lV.
977 3267 1041 3328 lat.
1064 3267 1265 3348 verbenasque
1282 3283 1353 3344 prr-

166 3402 437 3466 mansuescuntque
453 3403 592 3466 papaver
612 3404 682 3448 oum
696 3385 775 3452 dixit
794 3389 896 3450 varias
913 3388 981 3450 eius
994 3388 1137 3450 vocabuli
1155 3387 1354 3465 significatio

167 3522 223 3567 nes
242 3506 417 3578 coniunxit,
442 3507 502 3570 cir,
522 3527 668 3580 assertas,
690 3527 801 3572 oreore.
835 3513 947 3573 Versus
965 3510 1062 3588 igitur
1081 3508 1183 3587 primo
1200 3504 1355 3586 signifieat

168 3632 201 3687 et
220 3626 298 3688 edna
316 3636 348 3690 et
367 3629 476 3706 edatis,
499 3631 600 3710 activa
621 3638 653 3692 et
672 3631 796 3711 passiva
813 3629 1055 3710 significativum
1077 3635 1141 3690 tum
1162 3627 1355 3709 significatur

167 3747 208 3820 is,
231 3764 339 3824 quem,
361 3751 443 3830 quod
464 3753 588 3834 saepius
606 3753 697 3816 nimis
717 3769 755 3816 se
769 3754 1032 3834 ingurgitaverat,
1057 3753 1193 3816 omnium
1213 3751 1353 3812 ciborum

167 3865 290 3941 taedet,
326 3870 379 3946 qui
404 3872 506 3934 omnia
532 3877 668 3954 respuit,
699 3891 801 3952 neque
829 3876 891 3937 ullo
920 3875 1110 3936 nutrimento
1140 3874 1223 3936 vires
1254 3873 1355 3936 reficit

168 3994 322 4069 elonget,
343 3987 403 4054 hoo
423 4009 515 4079 sensu
535 3995 626 4074 sorno
646 4015 731 4058 vesco
750 3997 906 4074 dicontur,
928 4013 1009 4076 quae
1029 4013 1091 4060 non
1103 4003 1268 4076 augentur,
1290 4013 1352 4056 non

167 4119 323 4188 creseunt.
365 4115 414 4190 Vr¹
431 4113 526 4194 igitur
549 4119 656 4182 vitium
671 4119 838 4198 ,quoddam
865 4120 897 4180 in
918 4118 1039 4181 edendo
1058 4117 1229 4198 signifieat,
1258 4116 1353 4196 quod

168 4233 371 4312 quirinion
398 4235 711 4313 comedunt‚.edooes
737 4249 825 4318 sunt,
853 4243 907 4322 qui
932 4241 1034 4306 omnia
1060 4240 1237 4314 fastidiunt,
1267 4240 1366 4302 vieto.

166 4357 341 4419 necessario
371 4365 495 4433 carent,
531 4376 626 4439 parva
658 4371 690 4426 et
721 4363 876 4428 imbecilla
905 4371 1042 4432 manent.
1094 4362 1182 4440 Quae
1212 4362 1238 4423 si
1267 4366 1353 4422 reete
