3286 5126
366 405 416 464 DE
433 403 678 476 sineutontiit
699 405 895 476 tittitoiittit
912 401 1169 468 tremoris
1281 427 1367 472 arur

174 553 291 632 rustica
309 552 522 632 nescioquam
535 562 618 624 rom,
641 570 714 616 cnnn
731 551 916 616 naumachia
936 553 1069 634 aliisque
1088 553 1270 620 iudicione
1283 574 1367 618 oura-

174 693 290 758 parare
303 674 415 755 possit,
434 691 537 754 neque
556 681 661 738 tamen
674 676 757 738 vitae
777 675 958 748 felicitatem
977 675 1037 740 hae
1050 695 1086 740 re
1099 685 1222 758 augeat.
1245 677 1286 746 in.
1300 677 1366 742 Vll.

173 798 207 858 iu
227 816 289 877 quo
307 797 397 858 martti
416 796 630 871 occano-unt,
652 797 714 859 iam
734 799 778 862 ita
796 799 951 874 emendo:

179 887 181 892 ι
330 963 360 984 ..
374 965 403 982 ..
425 927 606 984 namnetas
625 919 678 982 ille
698 921 772 980 Cato
791 920 938 985 inussisse

299 1079 302 1084 ·
329 1041 514 1122 Adpellare,
536 1036 595 1134 silui
615 1041 699 1119 quod
719 1041 863 1126 consciens
882 1059 945 1104 noo
966 1049 1034 1108 erat
1049 1043 1128 1122 inse.

175 1166 222 1228 lta
248 1170 282 1224 ut
309 1164 447 1234 locantem
470 1180 532 1238 nna
560 1181 574 1224 s
602 1164 754 1242 scriptum
777 1163 827 1226 sit.
857 1162 916 1226 etsi
944 1163 1027 1232 enim
1046 1163 1108 1224 alia
1133 1170 1167 1226 ut
1193 1183 1315 1245 ernesto
1337 1174 1371 1230 et

173 1255 290 1364 focesm
309 1286 465 1365 duplicem
495 1303 510 1348 s
535 1285 692 1360 habeant,
722 1292 827 1346 tamen
853 1301 957 1346 noerae
984 1292 1016 1346 et
1042 1303 1152 1364 quaese
1172 1306 1234 1350 uno
1252 1306 1269 1348 s
1288 1290 1368 1352 scri·

174 1406 314 1480 bunion
338 1415 427 1470 certe
444 1407 504 1480 hoc
524 1409 643 1475 Lucilio
668 1408 791 1470 licuisse
811 1407 1006 1488 putaverim,
1029 1425 1109 1500 qnae
1129 1409 1283 1490 scriptura
1296 1429 1370 1492 nro·

175 1528 310 1609 habilior
335 1531 493 1599 etiarm-si
516 1547 533 1592 a
555 1531 655 1597 lacero
676 1530 846 1616 derivatur.
865 1530 934 1598 nir.
957 1528 1076 1623 Charis.
1098 1531 1127 1593 5.
1149 1549 1181 1612 p.
1196 1532 1277 1605 ait„
1292 1533 1369 1597 utu-

176 1652 258 1716 itied.
284 1653 306 1713 Ι.
318 1671 364 1744 ι).
380 1653 450 1726 573.
839 1731 841 1736 Ι

253 1775 337 1836 Libri
357 1776 424 1837 XV.
446 1775 621 1855 fragmenta
636 1775 728 1836 ,varia
749 1781 843 1854 atque
858 1774 982 1837 diversa
1002 1781 1092 1848 suot,
1108 1775 1156 1858 ‚ita
1174 1782 1211 1838 ut
1230 1795 1270 1838 ae
1289 1795 1372 1854 uum

174 1897 302 1978 quidem
318 1897 529 1976 interpretum
549 1897 729 1987 accuratius
747 1894 877 1958 delinire
898 1911 991 1960 ausus
1005 1895 1063 1970 sit,
1084 1897 1158 1976 quid
1179 1897 1374 1978 notissimum·

175 2027 270 2098 poeta
299 2017 360 2080 hoc
386 2019 420 2080 in
444 2018 585 2080 carmine
602 2019 827 2110 ¹spectaverit,
844 2019 904 2088 nisi
929 2018 1013 2098 qnod
1038 2021 1216 2086 Dueutrero
1240 2021 1369 2100 placuit,

175 2147 301 2221 poetam
327 2157 444 2208 veram,
461 2139 555 2205 animi
581 2140 837 2220 tranquillitatum
866 2148 974 2206 contra
1002 2141 1175 2205 Stoicorum
1199 2149 1370 2224 praecepta

177 2261 369 2330 defendisse.
384 2264 421 2324 Et
435 2262 584 2346 sapientis
596 2261 723 2342 quidem
738 2263 881 2326 conloco
895 2261 930 2327 fit
942 2263 1069 2338 meotis,
1085 2264 1125 2326 tr.
1135 2265 1185 2325 vt.
1199 2263 1255 2326 ulii
1268 2257 1370 2345 ptura.

178 2401 258 2464 quau
278 2385 310 2448 io
333 2385 571 2448 vitacotidiaua
594 2385 662 2449 usui
674 2371 744 2464 'esse
760 2387 877 2461 soient,
891 2387 997 2454 ‚rmuito
1014 2386 1112 2466 pluris
1126 2403 1195 2452 esse
1209 2394 1371 2468 putantur,

178 2523 270 2586 qnam
296 2508 464 2588 sapientes.
504 2507 565 2570 Sed
590 2505 652 2570 lroc
677 2508 794 2588 plebeii
819 2509 952 2572 hominis
978 2510 1028 2572 vel
1053 2501 1193 2576 mulieris
1221 2509 1370 2574 tucidum

175 2636 237 2690 est.
280 2629 416 2694 Mulieris
439 2629 565 2710 quidem
586 2648 688 2691 mores
710 2631 804 2692 etiam
830 2629 870 2692 ir.
888 2631 924 2689 V.
946 2627 1082 2692 describi
1107 2629 1263 2704 vitentur.
1291 2647 1388 2710 quae·

174 2751 262 2813 domi
281 2751 418 2831 quidem,
446 2751 576 2814 nemine
590 2757 717 2831 praeter
735 2750 879 2814 maritum
900 2756 1077 2828 praesente,
1099 2751 1372 2841 simplicitatis-est

175 2872 403 2952 amantissima,
433 2872 488 2944 sed
513 2872 624 2935 alienis
651 2890 684 2934 se
712 2878 803 2934 ornat
829 2871 996 2950 comitque.
1038 2871 1122 2934 lnast
1147 2880 1311 2951 praeterea
1332 2874 1372 2940 do

178 2996 350 3060 Homericis
370 2995 528 3064 miraculis
546 2994 695 3056 iudicium
719 2993 758 3073 ir.
771 2996 797 3056 i.
815 2993 894 3064 ,boni
913 2994 987 3074 equi
1006 2995 1091 3070 lans,
1113 2993 1299 3060 feneratoris
1318 2995 1374 3062 de·
1432 3083 1434 3087 v

178 3119 307 3200 scriptio
331 3118 457 3192 militis,
485 3117 539 3197 qut
565 3117 599 3180 io
628 3117 773 3197 Hispania
794 3115 954 3192 militavit,
982 3119 1244 3194 commemoratio,
1269 3120 1371 3200 narsi·

181 3242 304 3317 moniae
325 3240 569 3316 commendatio,
591 3241 651 3302 alia
664 3241 763 3322 tnagis
778 3241 871 3304 etiam
885 3241 1056 3313 disiuncta3
1078 3257 1158 3322 qnae
1172 3242 1274 3304 omnia
1296 3259 1374 3322 quo·

179 3363 271 3426 modo
295 3363 335 3428 ad
350 3369 450 3437 ,uuum
472 3363 597 3444 aliquod
618 3370 838 3444 argumentum,
858 3363 972 3428 reterri
992 3364 1127 3443 possint,
1150 3363 1373 3438 estobscuris·

179 3487 300 3552 simum.
727 3549 730 3556 ,

218 3657 220 3664 ,
255 3613 301 3672 De
321 3609 403 3678 libro
424 3611 504 3671 xvi.
532 3608 594 3671 duo
615 3614 689 3670 sont
715 3607 992 3670 Grammaticorum
1018 3606 1211 3681 testimonia,
1239 3623 1372 3687 qnorum

180 3735 312 3796 alterum
341 3731 445 3795 schol.
470 3731 509 3800 ad
536 3733 609 3793 lior.
633 3733 733 3792 Carm.
755 3731 780 3791 l.
807 3729 854 3792 t0.
883 3728 968 3791 hunc
996 3728 1110 3792 librum
1138 3731 1294 3810 Collatum
1320 3730 1371 3794 in·

180 3854 330 3935 seriptum
345 3855 440 3918 tuisse
459 3862 601 3930 testatur,
623 3853 706 3934 quod
724 3871 841 3921 nomeu
853 3853 971 3916 amicae
991 3853 1101 3914 Lucilii
1114 3851 1219 3927 tuerit,
1240 3854 1372 3918 alterurn

180 3978 314 4058 duplicis
334 3977 434 4058 genii,
456 3978 509 4058 qui
528 3977 707 4040 hominibus
720 3977 897 4072 propositus
918 3975 1030 4048 tuerit,
1052 3973 1165 4040 hoc-in
1184 3976 1264 4037 libro
1282 3976 1373 4040 Luci·

177 4102 255 4172 tium
276 4101 452 4164 meminisse
476 4101 670 4182 comprobet.
710 4091 841 4164 Accedit
859 4099 1069 4180 fragmentum
1081 4100 1119 4165 V.
1138 4098 1222 4180 quod
1240 4099 1372 4162 innuere

181 4223 501 4300 videtumlioratium
527 4225 559 4288 in
587 4229 620 4288 L.
643 4227 665 4286 Ι.
688 4226 744 4305 Ερ.
767 4225 813 4289 rt.
843 4223 995 4286 Lucilium
1015 4229 1175 4287 erectorem
1196 4237 1263 4284 esse
1282 4237 1373 4286 secu·

181 4355 258 4410 rum.
274 4347 348 4409 oo.
375 4345 527 4416 Priscian.
556 4349 609 4409 ur..
638 4349 666 4410 ι.
687 4349 716 4411 s.
751 4345 919 4421 ‚nocuus
946 4329 979 4408 to
1004 4347 1092 4410 xri.
1118 4311 1160 4410 ao
1185 4342 1373 4409 metrum?
