3290 5130
560 447 616 517 ou
629 459 826 518 onnrrorm
845 459 1004 521 tucrum.
1285 483 1368 523 cun

177 605 472 688 comprehendimus
485 620 506 682 :J
523 607 714 668 Vocabulum
735 624 862 686 vespero
893 615 925 668 et
951 608 1033 687 quod
1059 605 1142 671 idem
1163 617 1209 672 est
1228 607 1368 692 corpora,

178 729 223 791 ob·
241 729 332 792 allam
354 728 645 808 pronunciationem
676 730 832 808 geminata
859 743 1082 810 nonnunquam
1107 739 1262 812 postrema
1289 752 1367 794 con·
1486 759 1487 762 ¹

181 859 312 914 sonante
331 852 496 930 scriptum,
519 849 647 911 ducitur
661 867 859 930 nequaquam
880 856 1020 933 a'pvrris
1046 853 1101 914 sed
1124 869 1142 914 a
1169 856 1369 934 congerendo

178 973 394 1054 significatque
412 974 643 1036 adolescentem
667 991 737 1036 cum
755 973 913 1053 sodalibus
926 976 966 1036 de
980 974 1126 1054 symbolis
1140 978 1367 1052 convivantem,

181 1103 349 1175 nugantem
369 1097 452 1156 omni
475 1095 617 1170 licentia,
646 1097 785 1174 nequitia
808 1104 901 1175 atque
928 1096 1006 1158 adeo
1030 1095 1122 1158 lnrtis
1147 1099 1370 1178 grassantem.”
1440 1165 1442 1170 ,

182 1259 185 1266 .
257 1217 372 1279 liudem
392 1217 458 1278 lere
478 1217 558 1279 ratio
578 1225 625 1288 est
644 1217 788 1280 vocabuli
806 1221 992 1298 puliipremo
1013 1218 1097 1311 apud
1124 1222 1238 1311 Auson.
1263 1220 1368 1300 Epigr.

180 1339 284 1401 LXlX.
305 1347 351 1401 v's.
366 1339 383 1400 ii
401 1357 467 1418 sqq.

372 1462 449 1540 Quis
469 1463 613 1524 Marcus?
632 1462 720 1524 lelles
738 1480 840 1542 nuper
860 1464 991 1543 pullaria
1010 1463 1132 1527 dictus:

450 1584 596 1664 Corrupit
617 1593 715 1645 totum
736 1586 789 1664 qui
809 1586 929 1663 puerile
950 1601 1050 1647 secus.

372 1708 542 1779 perversae
561 1707 693 1768 Veneris
712 1706 831 1784 postico
851 1705 981 1766 vulnere
996 1707 1109 1780 leesor,

339 1884 343 1894 .
447 1827 545 1888 Lucili
564 1827 643 1886 vatis
662 1801 789 1899 subulo,
812 1824 1008 1904 pullipremo.

179 1949 239 2024 Ubi
252 1950 390 2028 Scaliger
402 1949 551 2009 lectionn.
567 1949 682 2008 loson.
699 1949 722 2008 l.
737 1949 786 2008 at.
806 1948 996 2026 pulliprcma
1009 1948 1176 2028 legendum
1191 1967 1258 2012 csse
1271 1951 1369 2024 iubet,

179 2070 264 2149 quod
294 2077 330 2130 ut
356 2069 397 2130 ad
427 2069 599 2148 analogiam
626 2069 795 2147 superioris
825 2054 970 2129 vocabuli
996 2077 1083 2130 recte
1110 2071 1276 2132 formatum
1304 2091 1371 2135 esse

180 2192 366 2266 concedam,
389 2177 512 2252 diversa
539 2198 643 2251 tamen
663 2189 796 2251 suadent
816 2196 865 2250 tot
881 2188 1035 2264 vocabula
1058 2191 1091 2251 in
1117 2211 1134 2252 o
1161 2194 1370 2268 terminantia,

184 2331 273 2393 quae,
295 2333 365 2376 curu
380 2314 464 2394 upud
480 2319 602 2376 ceteros
615 2312 784 2392 scriptores
802 2313 915 2392 passim
930 2321 1107 2388 occurrant,
1129 2323 1195 2376 tum
1207 2315 1293 2394 apud
1313 2294 1373 2378 Lu-

183 2438 286 2498 cilium
305 2437 446 2516 inprimis
460 2443 522 2496 tam
542 2435 719 2514 frequentia
739 2441 828 2509 sunt,
853 2443 888 2496 ut
902 2435 984 2496 hanc
1003 2431 1254 2499 terminationem
1273 2457 1374 2518 popu-

183 2560 299 2620 laribus
308 2559 436 2619 auribus
449 2557 654 2636 gratissimam
664 2556 761 2618 ‘fuisse
776 2557 868 2616 facile
879 2558 1063 2618 credideris.
1078 2559 1136 2618 cir.
1149 2561 1280 2631 comedo,
1291 2561 1371 2632 bibo,

182 2689 275 2753 muto,
297 2680 421 2751 mocio,
442 2679 541 2757 epulo,
563 2679 651 2747 trice,
671 2685 784 2754 cappo,
803 2676 922 2750 subulo,
945 2679 1041 2748 lurco,
1060 2680 1189 2757 plutino,
1212 2682 1371 2751 cochinus,

181 2817 295 2870 croceo,
323 2801 464 2871 mosimo,
479 2799 601 2868 vatillo,
628 2815 706 2872 erro,
728 2796 812 2858 unde
835 2797 965 2860 fortasse
989 2805 1021 2859 et
1045 2800 1225 2878 impunest
1248 2803 1373 2862 convivo

182 2922 248 2983 sire
268 2922 411 2986 oovvioiv'
426 2920 502 2980 lerri
521 2927 625 3011 potest
637 2903 744 2991 rnam-
762 2916 855 2981 etiam
873 2921 908 2980 in
928 2923 959 2980 iu
978 2919 1057 2982 hacc
1078 2921 1272 2987 substantiva
1292 2923 1373 2984 flexa

182 3043 277 3104 fuisse
298 3043 474 3122 testimonio
494 3047 584 3102 sunt:
611 3042 744 3114 decurio,
775 3041 895 3116 loistris,
919 3043 1016 3114 ludio,
1045 3034 1201 3115 Aeschrio,
1232 3044 1371 3124 Serapio,

182 3167 298 3240 Ballio,
329 3166 459 3235 amosis,-
486 3165 602 3242 Scipio,
629 3163 767 3237 Glabrio,
796 3165 903 3248 mollio,
930 3165 1059 3239 Arabio,
1086 3164 1198 3239 Pollio,
1228 3167 1371 3238 Atlrcciv,

183 3289 319 3366 Turpio..
337 3287 377 3348 Ut
388 3287 484 3368 igitur
496 3293 561 3348 tres
581 3287 816 3369 terminationes
833 3268 1055 3350 inveniuntur:
1077 3305 1165 3366 rapo,
1186 3291 1319 3366 rapistcr
1340 3297 1372 3349 ct

182 3411 431 3489 respiratur-ita
440 3409 525 3471 dicat
536 3408 648 3486 aliquis
660 3383 800 3479 conviva,
814 3411 990 3476 convivator
1005 3415 1037 3468 et
1050 3410 1188 3468 conuiuio
1199 3425 1267 3469 esse
1279 3408 1370 3479 licta;

181 3532 365 3610 praesertim
386 3550 457 3592 cum
481 3538 513 3593 et
532 3531 701 3592 convivalis
725 3536 757 3590 et
776 3530 976 3600 conviviolis,
1003 3530 1129 3588 convivo
1154 3529 1219 3606 (is)
1244 3531 1371 3590 convivo

182 3651 274 3730 (as),
292 3655 435 3714 convivor
455 3653 572 3715 dictum
599 3652 658 3724 sit·;
687 3628 980 3729 quanquametiam
1001 3649 1068 3710 otoo
1092 3657 1127 3712 et
1150 3649 1283 3712 combibe
1309 3667 1372 3714 non

183 3772 297 3834 dubiae
321 3775 513 3838 auctoritatis
532 3781 614 3836 sunt.
656 3773 717 3836 Sed
745 3774 771 3834 si
796 3773 865 3852 quis
885 3780 947 3848 est,
962 3774 1026 3851 ,qui
1046 3791 1085 3834 cx
1104 3774 1237 3836 nominis
1258 3775 1373 3852 Turpio

183 3895 326 3976 ansalogia
348 3896 488 3974 colligat,
511 3899 604 3958 etiam
628 3898 772 3976 Imperio
792 3895 887 3958 luisse
908 3894 1091 3968 dicendum,
1116 3893 1202 3957 hunc
1222 3897 1373 3960 monitum
1409 3917 1416 3930 ·

182 4018 286 4092 velim,
311 4018 351 4080 iri
365 4017 490 4095 liquidis
518 4037 581 4081 uon
601 4037 668 4082 esse
690 4035 837 4092 necesse,
859 4025 894 4086 ut
913 4019 1029 4080 vocalis
1051 4019 1285 4098 interponatur3
1311 4019 1369 4080 cir.

180 4143 261 4214 colo,
280 4141 639 4220 eramusmaerore,
661 4144 764 4216 Philo,
780 4141 879 4213 corto,
901 4142 979 4212 Cilo,
1002 4142 1117 4212 Cicero,
1132 4141 1220 4215 Stilo,
1244 4141 1372 4211 Tubero,

183 4263 272 4337 Amo,
287 4265 390 4338 Almo,
403 4265 514 4334 Autro,
535 4263 626 4336 Nero,
647 4265 730 4339 Piso,
751 4265 854 4334 Cosso,
875 4277 979 4332 carro,
1000 4249 1130 4339 pluteo,
1153 4262 1256 4332 Briso,
1273 4269 1373 4339 petro,

184 4385 281 4464 Apro,
295 4387 409 4460 Grillo,
431 4389 501 4460 tiro,
522 4385 601 4459 cole,
622 4387 681 4448 etsi
694 4387 788 4450 etiem
800 4385 926 4457 Aculeo,
940 4384 1067 4456 Asellio,
1082 4383 1256 4472 Bambalio,
1268 4381 1375 4454 Nerio,
