3290 5130
550 428 600 486 ne
619 427 816 488 utinmotu
833 429 981 488 LUCILII.
1244 447 1362 492 cxxxvii

172 593 234 656 que
251 539 407 657 Iegemin
427 574 533 653 quinte
554 582 601 638 est
620 582 756 655 seculus,
778 575 832 636 ubi
854 577 947 638 etism
973 577 1053 655 faeie
1073 576 1212 641 niumm
1239 577 1361 656 possin

171 715 205 776 pl
226 698 293 759 oeli.
319 697 441 759 insolite
463 695 559 758 verbe
581 706 673 760 sunl:
697 700 829 772 inluuie,
851 699 1038 774 iollalrtitie,
1064 700 1281 780 imperfuudie.

246 819 477 882 ¹Adiectivorum
501 835 581 898 quae
608 837 625 881 a
653 821 773 899 uulgari
800 839 858 882 usu
888 828 920 882 et
943 821 1168 883 consuetudine
1182 821 1358 895 recedant,
1465 891 1471 896 ,,
1551 827 1553 832 ’

171 959 302 1019 magnus
329 950 560 1004 estnumerus.
602 942 764 1004 Accedunt
791 942 886 1004 multe
916 943 1100 1024 partieipia,
1131 944 1174 1004 ila
1194 951 1229 1006 ul
1247 945 1281 1004 in
1301 941 1365 1004 hac

171 1080 288 1142 genere
308 1064 399 1126 seeile
418 1065 583 1150 inteiligas,
607 1071 722 1142 quanta
743 1064 783 1125 sit
802 1064 966 1127 diversitos
985 1065 1068 1126 Inter
1093 1065 1201 1126 Lucilii
1228 1065 1364 1143 reliquo-

171 1201 301 1264 rumque
323 1185 508 1266 scriptoram
535 1186 718 1247 credonem.
747 1185 805 1247 eis.
841 1188 1007 1266 repandus,
1038 1189 1201 1259 emiuulus,
1228 1186 1362 1258 labemus,

171 1299 352 1380 scelerosus,
374 1325 529 1380 corrosus,
551 1327 691 1389 leprosus,
720 1316 880 1388 armonius,
902 1310 1066 1389 expilatus,
1093 1311 1214 1389 priuos,
1238 1324 1364 1388 crepera

170 1429 203 1489 in
224 1449 272 1504 re,
296 1431 462 1510 lucifluus,
491 1431 711 1502 mediaslimas,
738 1432 919 1510 versipellis,
949 1431 1097 1509 infamas,
1126 1430 1289 1502 imbertus,
1309 1447 1360 1490 m.

143 1537 313 1624 'simulam
340 1553 462 1630 sipualo
479 1552 597 1630 puella,
625 1570 740 1624 uesmls,
767 1553 938 1633 fulpuriloe
961 1552 1096 1626 arbores,
1125 1551 1364 1630 coutemuificus,

173 1679 357 1755 impuratus,
380 1677 561 1746 indusiatus,
576 1683 690 1736 cretata
705 1676 766 1746 bos,
780 1677 925 1744 viriatus,
946 1675 1062 1744 altilia,
1083 1677 1198 1752 agipes,
1218 1677 1367 1750 austeris·-

171 1800 265 1884 simoe
291 1797 426 1870 lemme,
455 1797 614 1874 delenifica
640 1779 770 1868 serbe,
789 1795 972 1873 preclarius,
1007 1795 1204 1868 horridulus,
1222 1827 1226 1833 ·
1244 1797 1365 1874 liprtam

80 1917 82 1922 '
170 1921 340 1991 suiacum,
355 1917 617 1996 uroustrificobile,
634 1919 829 1994 possiumus,
849 1933 1107 1996 umuoprammas,
1124 1917 1364 1996 Aethiopicam-

170 2049 286 2119 postus,
310 2048 417 2112 eotac,
439 2047 542 2118 tepor,
566 2039 605 2100 ed
625 2037 729 2113 incita,
757 2057 873 2118 uapues
890 2041 1052 2118 prietates,
1078 2040 1242 2112 strenuior,
1268 2056 1363 2117 prae·

169 2165 261 2234 risus,
283 2163 445 2245 capitatus,
469 2169 608 2234 rosulas,
623 2163 777 2234 aureolus,
798 2162 968 2241 sripdoria,
989 2163 1178 2233 illitteratus,
1200 2161 1364 2232 imberbos,

170 2285 324 2364 adipatus,
347 2287 545 2357 iucrastatus,
567 2284 721 2355 stlembus,
744 2283 914 2362 eoupiaam,
935 2284 1031 2355 solor,
1050 2284 1197 2362 pascalis,
1219 2301 1366 2362 squarro-

170 2425 233 2481 sus,
263 2407 432 2486 copularis,
461 2407 601 2478 bleuuus,
632 2408 809 2486 Pyrperetia,
837 2408 971 2478 Brulas,
1003 2406 1152 2478 Casinas,
1179 2406 1366 2484 pisciumsis

170 2547 321 2610 rosasque,
342 2531 448 2590 uinum
465 2531 626 2601 Crucium,
649 2531 697 2590 Iex
715 2530 855 2608 lappula,
871 2535 896 2589 t.
910 2536 1125 2606 papaveratae,
1140 2528 1364 2606 impermistus,

171 2653 299 2723 rutilus,
321 2652 503 2724 custoditus,
528 2651 595 2714 ise.
618 2657 746 2726 cautus;
770 2651 935 2728 displelus,
957 2650 1158 2717 decumanus,
1179 2649 1363 2719 clrlararios,

171 2771 323 2850 uelautia,
351 2760 518 2845 subseciva,
549 2771 661 2848 petitis,
689 2772 879 2849 quartarius,
905 2783 1086 2849 querquera,
1117 2785 1225 2848 rupea,
1256 2769 1362 2841 sollus,

170 2896 301 2972 sonipes,
321 2910 472 2965 succesus,
496 2895 654 2972 strigosus,
683 2911 786 2967 uarro,
812 2906 987 2970 apruquum
1006 2893 1118 2966 uiscus,
1146 2899 1284 2969 sepestre,
1311 2892 1366 2952 ab·

171 3018 289 3076 stemia.
330 3015 556 3080 Aduerbiorum
575 3016 696 3082 termae
719 3015 821 3078 minus
842 3016 1092 3095 vulgaressunt:
1114 3016 1244 3087 tolutim,
1266 3014 1364 3094 facul,

172 3142 317 3213 zoualrm,
341 3140 520 3218 publicitus,
546 3143 633 3212 eudo,
654 3142 743 3214 indu,
766 3143 882 3211 simitu,
906 3141 1061 3218 ampliter,
1090 3140 1253 3219 ipuauiler,
1279 3137 1368 3215 qussi

173 3264 193 3322 i.
211 3279 238 3322 e.
261 3262 370 3336 ferme,
393 3264 502 3334 Itidem,
523 3253 663 3337 uacuum,
685 3279 796 3342 presse,
825 3264 1010 3336 summellae,
1040 3261 1238 3340 frustilatim,
1260 3259 1367 3338 elapsi-

174 3385 247 3456 lius,
269 3387 456 3457 minutatim,
474 3386 673 3463 ,zopyrialim
697 3385 798 3445 mealia
818 3401 880 3444 uos
895 3383 919 3444 i.
937 3400 965 3444 c.
988 3388 1093 3442 noctu.

251 3507 295 3564 Ex
313 3507 428 3583 ,quinus
454 3507 596 3568 omnibus
624 3505 716 3566 facile
737 3511 785 3566 est
812 3505 852 3566 ecl
872 3501 1125 3582 intelligendum,
1149 3500 1245 3560 multo
1265 3499 1365 3559 meio&

174 3643 241 3686 rem
261 3615 437 3702 libertatem
458 3629 575 3692 Lucilio
595 3633 627 3690 et
650 3626 830 3689 facilitatem
852 3625 947 3686 luisse
967 3625 1000 3684 in
1021 3623 1124 3685 verbis
1145 3620 1367 3701 componendis

175 3745 401 3826 ingeniisque.
443 3752 549 3829 Itaque
570 3767 632 3818 non
653 3749 752 3810 solum
771 3748 868 3808 malle
889 3747 1043 3809 adiectiva
1066 3745 1211 3819 retInuit,
1236 3762 1367 3824 quorum

176 3869 262 3948 origo
291 3869 410 3930 incerte
430 3887 572 3951 qimeqne
593 3871 813 3951 antiquissimis
838 3870 1057 3949 sumptoribus.
1085 3869 1170 3930 Livio
1190 3866 1367 3928 Andronico

177 3998 209 4052 et
228 3989 344 4052 Naevio
371 3991 481 4053 usitata
510 3994 655 4068 luerunt,
682 3995 714 4056 id
743 3994 826 4073 quod
852 3995 885 4054 in
914 3992 974 4054 hoc
1001 3992 1102 4071 poesIs
1129 4007 1256 4071 genere,
1285 3989 1367 4067 quod

176 4113 285 4192 populi
305 4127 407 4174 mores
427 4119 459 4174 et
475 4131 633 4178 sermones
647 4113 858 4194 exprimebat,
883 4112 1014 4175 maxime
1030 4121 1098 4176 erat
1112 4120 1365 4184 consentaneum,

177 4232 230 4296 sed
255 4234 317 4296 alie
330 4249 374 4297 ex
395 4236 522 4298 Graecis
541 4239 696 4300 transtulit
721 4244 773 4299 ut:
795 4253 1062 4320 mouoprommus3
1087 4236 1146 4297 ulia
1161 4253 1200 4297 ex
1220 4235 1382 4318 substan-¹

176 4355 247 4418 liris
269 4355 374 4434 finxit,
406 4367 441 4423 ut
460 4361 591 4431 ratitos,
617 4361 761 4440 adipatus
783 4359 1012 4440 praepositione
1034 4361 1067 4419 iu
1088 4357 1279 4437 anteposita,
1306 4357 1366 4415 im-
