3250 5136
649 395 698 454 DE
717 395 875 454 LlJGlLlO.

243 543 338 617 Quod
354 541 515 604 ‘moechus
535 542 633 614 foret,
652 547 707 604 aut
725 542 874 616 sicarius,
898 547 953 604 aut
973 543 1093 628 alioqui

150 719 151 726 ,
245 657 420 718 Famosus:
445 656 545 721 multa
567 673 639 722 cum
662 656 810 720 libertate
829 658 993 722 notabant.
1116 709 1119 716 i

243 771 327 834 Hinc
352 770 454 834 omnis
476 772 594 852 pendet
614 771 785 845 bacmos,
808 772 906 834 hosce
927 778 1097 856 sequutus,
1214 849 1215 858 ἵ

243 885 372 948 Mutatis
391 891 511 948 tanturn
534 885 670 966 pedibus
694 887 899 970 numerisque
919 887 1050 950 facetus.

243 1001 321 1063 Nam
342 1001 401 1063 fuit
420 1001 481 1064 boo
501 1001 658 1063 vitiosus:
680 1001 714 1062 in
736 1001 817 1064 bora
840 1015 938 1082 saepe
959 1002 1132 1074 ducentos,

240 1115 278 1177 Ut
298 1134 462 1200 magnum,
484 1132 594 1178 versus
616 1116 756 1178 dictabat
778 1122 865 1180 stans
893 1119 979 1198 pede
992 1116 1032 1176 in
1049 1135 1135 1180 uno:

245 1229 323 1293 Cum
345 1229 458 1292 flueret
478 1229 671 1302 lutulentus,
693 1235 760 1292 erat
780 1230 869 1312 quod
893 1229 1005 1297 tollere
1025 1231 1145 1295 velles:

245 1345 414 1418 Garrulus,
436 1349 531 1427 atque
551 1344 642 1426 piger
662 1345 824 1412 scribendi
845 1343 927 1406 lcrre
949 1345 1112 1408 laborem:

243 1459 408 1521 Scribendi
428 1464 532 1532 recte3
557 1477 630 1521 nam
652 1429 693 1520 ut*
705 1459 857 1531 multum,
879 1457 925 1520 nil
946 1474 1063 1526 meror.
1090 1478 1164 1521 eccs

251 1571 414 1654 Crispinus
436 1574 565 1635 minimo
586 1583 637 1636 mc
657 1579 811 1654 provocat
830 1579 891 1636 etc.
969 1630 972 1638 .

449 1717 452 1724 ’
535 1739 684 1818 Etpasto
702 1749 781 1819 post.
803 1758 847 1801 vs.
862 1739 910 1801 58.
926 1759 987 1819 sqq.

639 1905 917 1970 -——-mm

243 2003 314 2064 Non
334 2002 410 2065 satis
432 2009 480 2064 est
499 2002 586 2084 puris
605 2021 732 2066 versum
753 2001 952 2084 perscribere
974 2002 1096 2076 verbis,

245 2116 348 2191 Quem
370 2117 394 2178 si
417 2116 590 2190 dissolvas,
613 2117 716 2200 quivis
737 2115 953 2180 stomachetur
973 2117 1104 2188 eodem,

245 2231 318 2306 Quo
338 2238 528 2313 personatus
547 2239 642 2314 pacto
663 2239 765 2314 pater.
787 2232 854 2304 his,
877 2250 937 2316 ego
958 2251 1040 2313 quae
1061 2250 1164 2304 nunc,

244 2346 326 2408 Olim
347 2365 429 2429 quae
449 2345 578 2432 scripsit
598 2347 768 2421 Lousios,
792 2347 908 2429 eripias
929 2346 956 2408 si

244 2461 402 2542 Tempora
416 2467 519 2534 corta,
542 2461 743 2544 modosque3
765 2468 796 2523 et
810 2463 897 2543 quod
918 2461 1005 2542 prins
1020 2461 1132 2536 ordine
1151 2461 1279 2523 verbnm
1296 2466 1354 2534 cst,

242 2575 404 2636 Posterius
425 2576 543 2645 facias,
565 2591 765 2655 praeponens
787 2573 898 2635 ultima
911 2575 1048 2658 primis:

244 2688 313 2749 Non
333 2694 369 2751 ut
387 2689 413 2748 si
435 2687 559 2750 solvas:
580 2687 753 2770 Postquam
772 2686 940 2750 Discordia
960 2693 1040 2772 tetra

245 2802 326 2863 Belli
346 2802 480 2864 ferratos
502 2811 628 2884 postes,
650 2807 823 2886 portasque
843 2801 982 2883 refregit.

415 2959 417 2962 ’
499 2969 698 3032 Eittsdcmcc
717 2971 818 3050 satyr.
842 2971 882 3030 X.
905 2972 932 3030 l.
955 2987 1017 3050 sqq.

168 3093 217 3155 bb.
246 3095 366 3177 Nempe
387 3073 599 3177 incomposito
621 3095 685 3156 dixi
706 3093 789 3177 pede
810 3112 936 3156 currere
957 3110 1067 3156 versus

246 3209 372 3271 anrnl.
393 3210 464 3292 quit
485 3215 547 3271 lam
570 3209 685 3272 Lucrnl
705 3209 810 3272 fautor
829 3209 937 3288 inepte
958 3215 1022 3283 est,
1054 3225 1056 3238 ·

246 3325 282 3388 Ut
301 3345 365 3388 non
387 3325 449 3388 boc
470 3324 630 3387 fateatur?
653 3330 687 3386 at¹
703 3324 805 3398 idem,
828 3325 914 3408 quod
937 3323 1004 3386 sale
1025 3323 1123 3385 multo
1192 3347 1194 3356 ·

245 3438 359 3502 Urbem
381 3439 545 3514 defricuit,
567 3439 676 3501 charta
695 3437 844 3501 laudatur
863 3439 987 3500 eadem.

245 3553 310 3615 Nec
330 3559 435 3616 tamon
455 3553 517 3618 boc
539 3553 682 3616 tribuens
703 3553 846 3615 dederim
867 3569 996 3635 quoque
1018 3558 1155 3615 caetera.
1170 3583 1203 3604 -ν

592 3724 636 3783 Ac
657 3723 773 3783 deinde.
795 3719 842 3782 20.
863 3737 925 3800 sqq.

169 3853 218 3917 25.
246 3855 287 3916 lt
306 3871 454 3936 magnum
473 3843 564 3931 fecit,
586 3855 673 3940 quod
692 3850 797 3916 verbis
819 3854 940 3932 Graeca
959 3851 1085 3934 Latinis

244 3969 381 4032 Miscuit.
397 3987 423 4038 ,o
443 3970 503 4031 seri
524 3971 699 4033 studiorum
712 3947 722 4030 1'
746 3969 841 4052 quiue
861 3968 978 4050 putatis

242 4082 379 4146 Difficile
400 4088 431 4144 et
452 4082 725 4161 mirum‚21tlrodic
748 4083 835 4166 quod
855 4081 1047 4144 Pitholeonti

248 4197 409 4280 Contigil‘l
432 4203 467 4268 al
483 4215 588 4261 sermo
611 4198 720 4282 lingna
737 4197 915 4265 concinnus
933 4202 1069 4282 utraque

246 4311 399 4376 Suavior:
421 4317 456 4374 ut
476 4310 556 4374 Cbio
575 4317 652 4378 nola
671 4314 698 4380 si
718 4310 1033 4384 commistaluerni
1052 4315 1111 4374 est.
