3242 5138
263 433 318 478 m
607 411 657 470 ur:
675 411 857 472 PERSONIS
879 411 1100 472 LUGlLIANIS.

264 564 340 625 alias
374 561 575 624 obscurorum
604 561 792 621 mentionem
823 559 881 622 bac
911 577 946 620 re
972 559 1133 641 explicari
1149 575 1238 637 posse
1265 561 1451 639 putaverim.

265 687 330 748 itui
348 685 429 748 enim
447 685 590 758 fuerunt,
614 684 667 763 qui
688 687 876 756 statuerent,
900 683 1000 743 omnia
1016 682 1067 742 illa
1081 682 1223 755 nomina,
1245 697 1325 760 quae
1339 683 1454 761 passim

263 807 467 868 ascholiastis
479 806 683 878 illustrantur,
706 805 900 866 sermonibus
909 776 1072 865 ‘hominurn
1086 810 1148 864 tam
1168 802 1264 866 fuisse
1281 803 1452 879 celebrata,

263 936 300 990 ut
326 936 438 1009 poetae
467 929 591 990 licuerit
630 927 728 989 verbo
770 926 839 988 illos
880 924 1022 988 homines
1052 932 1161 988 notare
1193 926 1292 1005 iisque
1323 925 1369 987 uti
1396 943 1454 1005 pro

263 1050 428 1130 exemplis,
459 1057 563 1113 tamen
593 1051 685 1130 longe
716 1049 918 1136 plurimorum
950 1050 1029 1110 ratio
1058 1047 1184 1110 videtur
1217 1065 1284 1110 esse
1316 1048 1451 1111 diuersa.

263 1173 372 1234 llultos
395 1171 494 1244 enim,
526 1189 603 1250 quos
628 1171 817 1250 interpretes
837 1141 982 1250 aequales
1003 1169 1121 1232 Horatii
1144 1171 1239 1232 fuisse
1266 1171 1453 1245 existimant,

262 1293 324 1354 iam
345 1309 363 1354 a
382 1293 498 1355 Lucilio
519 1299 640 1354 notatos
661 1291 755 1354 fuisse
776 1291 975 1356 crediderim.
1018 1293 1089 1371 Quo
1114 1293 1149 1354 in
1168 1282 1454 1356 numero-fortasse

264 1434 372 1478 omnes
394 1415 533 1496 ponendi
557 1421 645 1489 suut,
675 1415 714 1476 de
743 1430 875 1493 quorum
902 1423 1005 1478 aetate
1033 1419 1096 1476 non'
1117 1416 1252 1477 certiora
1278 1415 1456 1478 testimonia

262 1543 398 1598 exstant.
443 1537 512 1614 Qua
532 1536 573 1598 de
602 1554 637 1598 re
666 1536 718 1597 alii
742 1536 873 1599 fortasse
896 1535 1032 1598 firmiora
1054 1538 1200 1609 afferent,
1229 1537 1371 1617 equidem
1400 1547 1456 1598 n'o-

266 1659 352 1720 mina
373 1657 563 1738 significasse
584 1659 658 1721 satis
684 1657 796 1720 habeo.
839 1659 881 1718 Eo
903 1658 1062 1720 referendi
1085 1677 1152 1722 esse
1170 1660 1316 1722 videntur
1336 1661 1456 1724 Sulcius

266 1781 457 1863 Capriusque
480 1780 646 1854 causidici,
677 1781 798 1842 Caelius
818 1781 997 1860 Birriusque
1015 1783 1153 1844 latrones
1172 1784 1203 1845 S.
1219 1783 1243 1845 1.
1259 1785 1288 1844 lt.
1304 1783 1352 1845 63.
1384 1785 1458 1844 Cer*

199 1946 207 1959 .
265 1904 334 1966 vius
356 1904 561 1966 calumniator
582 1905 611 1965 S.
628 1905 665 1964 ll.
683 1905 711 1964 f.
730 1906 790 1976 l73
812 1905 919 1966 Cicuta
945 1913 977 1966 et
997 1876 1133 1968 Fufidius
1154 1907 1352 1968 feneratores
1371 1909 1401 1966 S.
1417 1907 1455 1966 ff.

267 2023 1267 2102 o.tia;t.a.ta;uanoservisS.11.tt.ta.fot;11.7.ou;
1289 2030 1457 2090 Praeterea

266 2148 422 2226 prioribus
452 2147 677 2210 adnumerandi
707 2166 776 2210 esse
805 2150 952 2212 videntur
981 2148 1114 2210 iudaeus
1144 2152 1251 2228 Apella
1282 2154 1304 2210 l.
1328 2151 1357 2212 d.
1381 2152 1456 2224 t00;

268 2273 371 2332 illutus
393 2272 448 2350 Ep.
466 2272 490 2332 l.
506 2271 534 2334 6.
550 2271 597 2332 ti.
621 2272 733 2334 Nerius
754 2275 784 2334 S.
799 2275 834 2333 ll.
851 2275 880 2333 7.
896 2272 943 2332 69.
969 2271 1103 2332 Naevius
1124 2272 1154 2330 S.
1168 2271 1206 2328 ll.
1222 2271 1250 2330 7.
1267 2271 1314 2332 68.
1338 2273 1458 2334 Ofellus

268 2394 305 2454 tf.
322 2393 351 2454 2.
367 2393 396 2454 ὅ.
417 2393 537 2454 'Novlus
557 2396 581 2454 l.
599 2394 628 2454 6.
644 2393 692 2456 uu.
714 2395 846 2454 Perilius
869 2395 903 2452 ll.
920 2393 949 2452 5.
966 2392 1015 2451 75.
1037 2391 1160 2452 Fulvius
1180 2390 1367 2470 Hutubaque
1387 2395 1456 2471 gla-

268 2513 404 2576 diatores
423 2517 460 2575 ll.
472 2516 501 2576 7.
518 2515 566 2577 96.
589 2515 787 2578 Philodemus
808 2516 838 2574 S.
854 2515 878 2572 f.
895 2513 923 2572 i.
943 2510 1008 2574 tat.
1031 2513 1155 2574 Priscus
1175 2515 1213 2572 fl.
1230 2514 1258 2574 7.
1273 2514 1302 2574 a.
1326 2515 1459 2574 Volane·

269 2637 332 2698 rius
344 2638 383 2700 ll.
398 2639 427 2700 7.
444 2637 490 2700 tit.
512 2639 607 2702 lulius
620 2639 777 2701 Pediatius
793 2643 825 2698 et
840 2637 981 2698 Vorenus
1001 2638 1073 2698 Hor.
1089 2638 1115 2698 lss
1128 2637 1158 2698 S.
1172 2637 1220 2698 79.
1237 2635 1301 2697 cfr.
1317 2635 1458 2699 Draken-

268 2758 367 2822 borch
399 2760 438 2822 ad
463 2761 652 2823 tinxxut.
674 2759 762 2821 tat.
795 2762 877 2821 Huso
905 2762 935 2821 S.
954 2763 977 2822 l.
999 2761 1093 2823 Mb.
1126 2759 1269 2835 Cervius,
1307 2758 1474 2833 Albutius3.

269 2884 399 2956 rursus,
428 2885 544 2944 scaeva
576 2883 661 2942 su.
685 2883 714 2940 a.
733 2881 798 2944 rue.
826 2880 986 2942 suasanus
1014 2887 1047 2942 et
1069 2864 1459 2953 contrarietatem

269 3005 300 3066 S.
321 3004 345 3064 l.
369 3005 396 3064 l.
417 3003 466 3066 95.
494 3035 533 3048 -
571 3003 632 3064 Sed
664 2998 772 3064 Lucilii
792 3003 961 3077 uersibus,
993 3011 1070 3081 quos
1100 3003 1244 3064 Horatius
1272 3001 1460 3081 expressisse

270 3123 404 3200 videtur,
437 3125 531 3188 ctiam
560 3124 827 3188 adnumerandum
848 3134 895 3188 est
925 3126 1133 3206 fragmentum
1163 3126 1212 3186 ut.
1235 3122 1274 3196 93
1304 3137 1460 3203 purpureo

269 3249 356 3308 tersit
377 3254 447 3310 tuuc
468 3248 548 3311 fatue
567 3267 701 3329 pousope
724 3268 861 3322 cieuses,
883 3249 943 3310 cir.
969 3251 1074 3310 llorat.
1097 3253 1127 3310 S.
1143 3251 1180 3310 fl.
1197 3250 1227 3310 8.
1244 3250 1290 3310 ll.
1318 3251 1462 3324 Gausapa

268 3385 423 3448 purpureo
449 3388 583 3435 mansura
607 3375 750 3452 pertersit
762 3394 771 3446 ;
798 3380 825 3434 et
853 3375 941 3435 ulter.
974 3381 1138 3453 praeterea
1160 3378 1233 3434 Luc.
1248 3348 1321 3431 ¹Lib.
1344 3371 1410 3430 vu.
1429 3369 1459 3429 l.

270 3508 356 3571 quem
373 3493 467 3572 piane
489 3494 662 3558 fteeo‘metro
678 3515 768 3559 ceree
787 3515 848 3558 uon
869 3498 966 3558 dicere
981 3499 1081 3577 possis
1101 3499 1161 3559 cfr.
1182 3497 1254 3558 Hor.
1278 3495 1309 3555 S.
1325 3495 1348 3552 l.
1364 3491 1393 3555 a.
1409 3489 1459 3552 87.

272 3617 439 3690 „Mansuri
454 3591 601 3697 oppidulo
622 3621 701 3699 quod
720 3621 810 3682 oerore
831 3621 929 3682 dicere
949 3639 1010 3682 nou
1029 3621 1104 3682 est.''
1127 3625 1202 3683 Luc.
1217 3619 1267 3681 56.
1285 3617 1331 3680 tu.
1345 3619 1464 3686 Sacra·

273 3738 326 3798 tior·
346 3737 445 3799 oborti
468 3745 500 3800 et
520 3741 557 3800 H.
580 3741 616 3802 Α.
640 3741 674 3800 Ρ.
697 3741 765 3801 olo.
787 3743 959 3804 Socraticae
980 3744 1114 3806 chartae.

347 3861 528 3936 Caeterum,
560 3837 731 3941 quodiam
765 3879 859 3944 supra
891 3873 1095 3927 memoratum
1125 3872 1188 3940 est,
1214 3864 1374 3926 Horatium
1401 3880 1463 3924 non

270 3981 362 4044 modo
394 3984 426 4044 in
456 3986 631 4064 argumenti
659 3987 858 4061 inventione,
891 3989 947 4050 sed
979 3990 1072 4050 etiam
1098 3990 1131 4050 in
1152 3987 1262 4050 eodem
1284 3984 1464 4048 adornando

271 4111 364 4184 atque
380 4107 564 4170 illustrando
584 4110 694 4173 Lucilii
706 4112 836 4192 vestigia
856 4093 1019 4191 aliquoties
1032 4113 1206 4193 pressisse,
1228 4112 1260 4172 id
1282 4107 1465 4190 fragmentis

271 4227 338 4289 Lib.
361 4229 468 4293 XXVI.
491 4219 669 4294 confirmari
687 4233 823 4296 videtur.
865 4238 943 4296 sunt
963 4234 996 4297 in
1016 4237 1126 4317 fragm.
1148 4238 1211 4298 inc.
1235 4254 1266 4315 p.
1283 4233 1331 4296 95.
1356 4232 1378 4293 i.
1397 4230 1462 4290 toi.

272 4350 388 4416 verbu:
410 4354 542 4427 „Volet
561 4359 708 4420 sententio
729 4359 818 4432 clio‚’'
839 4374 920 4438 quae
939 4361 1100 4426 Horatium
1119 4361 1274 4422 imitatum
1290 4371 1357 4418 esse
1371 4365 1465 4432 supra
