3286 5126
290 473 356 516 oxrr
663 454 717 518 ult
735 452 932 514 ORATIONE
951 452 1098 514 LUCILII.

289 603 323 664 in
345 619 383 664 eo
402 599 671 682 aoqmescemlum
685 617 753 663 esse
772 608 866 680 puto,
893 608 946 675 ut,
973 617 1054 680 qnae
1074 598 1115 661 ad
1135 585 1359 662 orationem'et
1378 599 1483 664 stilum

290 730 323 786 et
352 725 589 786 Grammatioam
620 723 746 797 Lucilii,
780 740 872 802 quarn
904 723 1048 797 dicunt„
1065 721 1279 784 illustrandam
1312 724 1482 803 pertinent,

289 847 475 928 colligantur
495 847 579 910 etin
599 853 749 926 quantum
773 845 841 908 lieri
860 852 980 926 potest,
1003 844 1200 924 explicentur
1213 852 1306 925 atque
1320 863 1482 926 exponan-

288 975 350 1032 tur.
391 971 456 1032 lam
476 969 682 1031 Grammatico
704 967 857 1048 quaedam
880 985 898 1030 a
918 968 1035 1030 Lucilio
1055 974 1187 1030 tractata
1208 967 1314 1042 luisse,
1342 969 1482 1047 ipsorum

289 1091 567 1154 Grammaticorum
588 1065 763 1154 testimonia
778 1088 1001 1168 comprobant,
1024 1089 1077 1168 qui
1097 1090 1184 1152 illum
1204 1088 1244 1152 de
1258 1089 1481 1172 orthographia

288 1221 321 1276 et
339 1214 380 1276 de
399 1213 512 1276 litteris
533 1219 642 1274 eontra
658 1212 847 1292 imperitiam
867 1210 1066 1274 librariorum
1078 1212 1253 1292 disputasse
1272 1209 1480 1276 tradiderunt.

289 1337 358 1415 Qua
378 1336 418 1399 de
435 1354 470 1400 re
493 1335 618 1410 isidori,
640 1334 820 1398 'terentiani
839 1335 963 1408 Scauri,
986 1335 1066 1397 Velii
1083 1335 1198 1414 Longi,
1223 1335 1426 1412 Quinctiliani
1449 1344 1482 1397 et

288 1459 432 1522 Martiani
454 1459 598 1538 Capellae
620 1463 714 1536 atque
735 1457 866 1518 Charisii
890 1457 977 1532 loca,
1000 1458 1132 1536 quaein
1154 1456 1353 1519 adnotatione
1375 1457 1484 1519 critica

287 1580 498 1656 laudavimus,
522 1579 716 1661 inspicienda
728 1586 811 1643 sunt,
852 1579 959 1659 Neque
978 1581 1066 1642 illum
1086 1581 1184 1644 solum
1204 1579 1244 1642 de
1264 1580 1376 1642 litteris
1389 1586 1422 1642 et
1441 1580 1481 1642 de

288 1721 396 1768 earum
416 1702 687 1785 pronuntiatione,
715 1710 747 1765 et
773 1703 812 1766 de
838 1721 912 1766 vera
938 1704 1095 1783 scriptura
1115 1703 1288 1782 disputasse
1312 1703 1481 1766 sedetiam

287 1845 378 1892 usum
395 1827 561 1892 verborum
576 1827 748 1905 explicasse
769 1833 801 1887 et
820 1827 906 1908 varia
924 1827 1126 1888 soloecismon
1139 1842 1256 1905 genera
1269 1842 1479 1900 enumerasse,

287 1956 381 2028 atque
411 1949 532 2010 ratione
554 1945 640 2008 haud
664 1949 795 2038 multum
820 1947 960 2010 dissimili
985 1965 1022 2010 ac
1048 1956 1155 2029 postea
1183 1949 1326 2011 Horatius
1353 1949 1387 2009 in
1413 1956 1481 2010 arte

286 2071 421 2151 poetica,
444 2086 524 2149 quae
545 2068 669 2143 dieitur,
694 2069 733 2130 de
753 2070 840 2131 vario
861 2071 1033 2132 carminum
1053 2089 1169 2150 genere
1189 2071 1368 2151 exposuisse
1389 2077 1421 2133 et
1440 2069 1481 2132 de

285 2193 361 2272 ipsis
386 2193 489 2272 poetis
512 2191 662 2252 iudicium
688 2189 799 2252 iecisse
823 2198 855 2252 et
880 2207 919 2253 ex
946 2191 1074 2252 Arnohii
1101 2193 1170 2254 loco
1192 2193 1341 2256 adversus
1371 2199 1481 2274 gentes

287 2317 325 2377 ll.
352 2332 380 2378 o.
410 2315 439 2375 6.
474 2331 567 2393 quem
599 2331 694 2392 supra
724 2313 917 2375 laudavimus
947 2314 1006 2374 cir.
1032 2315 1100 2375 Van
1129 2314 1253 2376 Heusda
1286 2316 1373 2376 Stud.
1402 2315 1478 2376 Crit.

286 2455 318 2516 p.
336 2436 517 2498 lla-tlt.
546 2442 578 2498 et
607 2453 645 2496 ex
675 2436 813 2516 ipsorum
843 2403 1104 2516 fragmentorum,
1137 2453 1220 2514 qnae
1243 2443 1366 2498 servata
1395 2444 1479 2514 sunt,

284 2559 494 2640 argumentis,
516 2558 714 2620 manifestum
735 2564 791 2620 est.
828 2559 865 2619 lit
884 2558 1005 2620 initium
1023 2558 1147 2637 quidem
1167 2559 1243 2620 iecit
1263 2557 1302 2619 ab
1322 2559 1427 2620 littera
1447 2579 1480 2633 o,

286 2689 321 2743 ut
340 2680 475 2756 ridetur,
503 2698 571 2761 qua,
584 2681 710 2760 quidem
730 2682 763 2742 in
791 2698 827 2742 re
855 2681 947 2762 plane
975 2682 1014 2742 ab
1035 2682 1120 2742 Accii
1147 2688 1258 2761 poetae
1280 2681 1395 2744 iudicio
1416 2682 1480 2745 dis·

285 2800 398 2880 sensit,
420 2808 536 2887 qnippe
548 2806 602 2883 qui
622 2807 731 2886 longas
746 2806 880 2885 syllabas
899 2805 1063 2886 geminatis
1076 2805 1237 2868 vocalibus
1254 2781 1349 2866 scribi
1368 2805 1477 2880 voluit,

285 2929 344 2994 cir.
360 2927 509 3006 Quinctil.
525 2929 549 2988 l.
565 2928 596 2986 7.
611 2927 665 2998 lir;
687 2945 810 3008 „usque
824 2927 864 2988 ad
878 2928 994 2989 Attium
1014 2935 1047 2989 et
1067 2929 1149 2990 ultra
1169 2935 1331 3008 porrectas
1344 2929 1479 3008 syllabas

286 3049 430 3130 geminis,
453 3057 489 3111 ut
503 3047 567 3108 dixi
580 3050 741 3111 vocalibus
760 3050 953 3128 seripserunt
963 3050 992 3122 ;’'
1012 3050 1070 3111 cir.
1086 3052 1162 3112 liar.
1178 3051 1317 3113 Victoria
1337 3069 1369 3130 p.
1384 3049 1460 3111 atto
1469 3071 1478 3122 ;

286 3171 379 3232 etiarn
402 3170 521 3232 Livium
541 3179 573 3232 et
592 3171 742 3233 Naevium
760 3171 846 3232 addit
860 3170 966 3234 Velius
986 3173 1109 3252 Longus
1128 3191 1160 3252 p.
1176 3173 1262 3234 talu.
1286 3193 1381 3250 „eum
1402 3173 1479 3234 alio-

284 3293 339 3372 qui
369 3292 491 3356 adiecto
518 3294 569 3355 vel
587 3293 718 3355 'sublato
751 3295 840 3374 apice
875 3293 1078 3374 longitudinis
1109 3304 1182 3356 nota
1213 3305 1319 3375 posset
1344 3296 1476 3372 ostendi,

283 3433 357 3480 nam
379 3416 552 3497 singulares
577 3418 700 3480 vocales
727 3422 760 3478 et
784 3417 916 3496 produci
943 3425 975 3479 et
1002 3419 1117 3499 corripi
1143 3419 1304 3498 possunt.''
1334 3427 1369 3481 ut
1389 3427 1477 3482 recte

284 3541 411 3604 Terent.
434 3543 569 3606 Scaurus
598 3560 630 3621 p.
653 3540 729 3602 autb
757 3541 813 3603 Ed.
842 3541 970 3606 Putscb.
1000 3542 1134 3604 Lucilius
1161 3542 1294 3605 eandem
1320 3542 1478 3606 scribendi

284 3662 436 3726 rationem
455 3664 580 3727 litterae
603 3683 623 3724 n
643 3664 772 3728 retineri
792 3665 907 3740 voluit,
929 3666 993 3728 sive
1014 3665 1132 3744 syllaba
1151 3666 1261 3745 longa,
1288 3665 1353 3728 sive
1373 3665 1477 3728 brevis

275 3751 387 3858 esset,
414 3783 447 3846 id
475 3783 558 3864 quod
578 3783 682 3847 verbis
706 3787 868 3866 exposuit:
900 3789 929 3847 A
947 3789 1082 3867 primum
1105 3789 1196 3868 longo
1223 3787 1315 3850 breoi’
1339 3787 1477 3867 eyllubo”

283 3905 369 3986 quod
389 3914 424 3968 nt
440 3914 570 3988 propter
590 3915 724 3972 metrum
750 3909 826 3971 ferri
853 3916 974 3989 posset,
1000 3916 1103 3973 tamen
1126 3916 1301 3973 structurae
1326 3927 1420 3973 causa
1440 3929 1476 3972 oo

282 4029 564 4109 interponendum,
586 4041 619 4094 et
636 4033 669 4094 in
689 4005 794 4114 priore
807 4051 900 4096 versu
916 4009 1062 4096 scribitur
1076 4035 1125 4096 vel
1146 4035 1207 4098 tale
1221 4033 1296 4114 quid
1310 4033 1474 4105 excidisse,

284 4150 377 4212 etiam
391 4153 510 4227 deinde,
532 4155 616 4234 quod
635 4156 761 4236 legitur,
783 4156 823 4218 ad
842 4157 1116 4237 prioremversnm
1135 4157 1321 4238 pertinuisse
1337 4163 1475 4220 statuen-

282 4271 358 4338 dum
378 4281 436 4339 est.
477 4275 581 4355 Quare
601 4285 700 4343 totum
720 4281 804 4342 huno
827 4280 929 4342 locum
950 4279 1061 4360 aliquis
1079 4281 1124 4345 ita
1142 4281 1279 4344 scribat:
