3286 5126
300 473 367 515 cunr
673 455 724 512 nli
744 454 942 514 cantione
959 453 1110 516 Lucrul.

375 605 444 666 Non
463 602 559 682 igitur
571 617 686 663 norum
699 603 831 664 Saturae
849 619 949 682 gamm
967 602 1103 664 Lucilius
1122 602 1260 676 invenit,
1280 601 1493 668 sedvetercnr

299 729 442 789 saturam
464 723 585 804 primus
612 723 725 786 litteris
747 724 906 788 mandavit
935 731 968 786 et
993 724 1112 786 reiecta
1137 723 1227 784 linnii
1257 723 1433 788 eruditione
1458 733 1493 788 ‘et
1525 745 1532 762 ·

299 855 385 921 arte,
406 863 424 908 a
443 845 590 907 libertate
610 845 723 920 animi,
744 846 784 907 ab
804 847 923 925 ingenii
943 846 1088 911 ubertate
1111 852 1143 908 et
1162 844 1203 906 ab
1224 846 1331 909 italica
1345 847 1494 910 orationis

298 970 668 1049 festivitatisexemplum
697 967 804 1047 petiit,
836 975 867 1029 et
892 969 1011 1047 primus
1040 969 1073 1032 in
1094 985 1165 1030 eum
1192 967 1296 1047 operis
1322 969 1495 1048 composuit

298 1093 437 1155 carmina
456 1105 593 1165 rnorem,
616 1107 708 1170 quem
728 1090 872 1154 Horatius
891 1090 1029 1152 imitatus
1051 1107 1201 1152 summam
1220 1089 1346 1152 laudem
1360 1090 1493 1172 adeptus

299 1223 356 1278 est
402 1215 499 1276 liecte
529 1213 624 1293 igitur
650 1212 761 1274 Daniel
789 1212 931 1274 Heinsius
951 1211 991 1276 de
1011 1211 1110 1276 Satira
1131 1213 1319 1274 Horatiana:
1352 1257 1374 1287 „
1387 1212 1493 1290 Quare

298 1341 389 1399 caute
406 1342 479 1398 sunt
497 1333 623 1414 legendi
641 1335 769 1396 Flaccus
789 1341 821 1396 et
841 1333 1086 1411 Quinctilium,
1108 1350 1180 1396 cum
1201 1335 1309 1398 Lucilii
1328 1335 1491 1400 inventum

297 1461 440 1522 Saturam
459 1473 528 1520 esse
548 1456 715 1519 voluerunt
734 1487 774 1502 -·
793 1457 860 1518 Non
884 1456 967 1518 euim
987 1455 1142 1521 invenisse
1167 1455 1262 1532 illud,
1286 1458 1427 1536 quamvis
1447 1458 1492 1520 sic

297 1581 467 1660 loquuntur
486 1553 628 1654 ¹veteres,
650 1577 874 1643 existimandus
895 1579 974 1640 est.''

605 1839 641 1938 §.
667 1841 701 1915 5.
746 1839 808 1916 De
835 1807 1179 1917 caramtocus.

374 2072 484 2134 Lucilii
505 2072 677 2134 orationem
699 2071 929 2151 explicantibus
956 2073 1090 2151 plurima
1115 2072 1260 2145 obstent,
1287 2089 1367 2152 quae
1393 2089 1491 2135 accu-

297 2194 444 2257 ratiorem
462 2195 528 2257 cios
549 2195 595 2256 rei
614 2195 904 2272 interpretationem
920 2194 1018 2274 magis
1035 2195 1149 2256 tentari
1164 2211 1256 2274 quam
1270 2195 1387 2258 absolvi
1400 2211 1491 2275 posse

296 2314 476 2378 ostendunt.
518 2317 655 2376 Primum
683 2316 765 2376 enim
794 2315 921 2395 triginta
941 2315 1092 2378 librorum
1121 2335 1161 2378 ne
1185 2325 1345 2397 nongenta
1365 2317 1490 2396 quidem

295 2438 470 2518 fragmenta
491 2443 633 2512 exstant,
654 2455 756 2517 eaque
775 2439 877 2500 ornnia
898 2440 1019 2512 lacere,
1041 2439 1138 2500 multa
1159 2446 1306 2519 corrupta
1327 2446 1420 2516 atquo
1434 2437 1491 2504 ob·

295 2576 398 2623 scura.
437 2559 567 2622 Accedit
593 2560 675 2640 quod
705 2562 807 2622 omnia
837 2562 889 2622 illa
917 2562 986 2624 loca
1017 2579 1054 2624 co
1075 2562 1204 2624 consilio
1230 2577 1247 2622 a
1275 2561 1492 2624 Grammaticis

294 2681 419 2744 laudata
440 2689 532 2756 sunt,
556 2691 591 2745 ut
611 2683 782 2746 insolenter
802 2682 885 2746 dicte
905 2683 1081 2748 autminus
1101 2685 1213 2746 usitata
1229 2682 1324 2746 verba
1346 2685 1490 2762 exemplo

294 2805 453 2868 illustrent
473 2811 566 2883 atque
582 2806 753 2885 explicent.
794 2805 882 2868 Unde
903 2805 1020 2868 iactum
1041 2812 1110 2880 cst,
1127 2813 1162 2868 ot
1181 2805 1312 2885 simplex
1330 2805 1382 2866 illa
1397 2813 1491 2884 atque

294 2928 471 2990 inatlcctate
493 2927 641 2990 orationis
658 2927 853 3003 iocunditas,
878 2945 919 2990 ex
939 2927 1058 3007 paucis,
1081 2944 1161 3008 quae
1183 2903 1317 2990 aetatem
1337 2928 1487 3001 tulerunt,

294 3049 581 3131 fragmentissoulto
589 3049 691 3112 minus
702 3050 798 3130 possit
807 3050 949 3130 intelligi,
961 3067 1055 3128 quana
1063 3057 1204 3114 veterum
1213 3051 1396 3112 criticorum
1406 3047 1489 3110 iudi·

293 3172 342 3235 cia
357 3189 442 3252 spem
458 3161 548 3234 nobis
560 3171 714 3234 lecerunt.
736 3173 801 3234 Etsi
812 3173 894 3234 eniru
907 3173 1045 3248 luerunt,
1056 3173 1110 3252 qui
1117 3172 1266 3236 Lucilium
1278 3188 1353 3252 prae
1361 3170 1489 3232 Horatio

293 3292 476 3368 laudarent,
497 3294 638 3373 adeoque
652 3294 739 3356 illuni
754 3296 896 3357 omnibus
911 3295 1010 3375 poetis
1031 3295 1193 3375 praeferre
1208 3313 1270 3358 non
1294 3293 1485 3368 dubitarent,

293 3422 397 3478 tamen
411 3435 451 3480 ue
471 3415 717 3498 reprehensores
731 3417 856 3498 quidem
869 3417 943 3480 huic
963 3425 1074 3497 poetae
1088 3417 1257 3480 doluerunt
1266 3437 1274 3490 ;
1296 3425 1328 3480 et
1346 3416 1488 3496 inprimis

292 3537 416 3617 quidem
438 3540 583 3604 Horatius
605 3540 672 3620 ipse
694 3541 845 3604 Lucilium
866 3542 965 3604 liuere
991 3541 1189 3614 lutulentum,
1220 3539 1310 3619 plura
1330 3541 1486 3604 serentem

292 3659 428 3725 tolieoda
446 3663 680 3741 relinquendis,
705 3663 902 3743 eundemque
922 3644 1126 3743 incomposito
1146 3662 1227 3742 pedo
1248 3679 1392 3736 currere,
1415 3677 1488 3740 gar

291 3782 394 3844 rulum
422 3790 455 3845 et
483 3783 607 3864 pigrum
637 3785 796 3849 scribendi
829 3786 914 3850 terra
944 3786 1084 3848 laborem
1111 3803 1179 3848 esse
1201 3785 1382 3858 iudicavit;·
1402 3785 1485 3864 quod

292 3904 417 3984 quidem
436 3905 585 3970 iudicium
601 3907 658 3972 etsi
672 3926 690 3970 a
705 3907 916 3986 Quinctiliano
930 3910 1082 3972 reiectum
1102 3917 1165 3982 est,
1186 3917 1290 3974 tannen
1304 3913 1357 3976 vix
1371 3911 1486 3974 adduci

291 4043 434 4108 possam,
461 4034 497 4088 ut
521 4036 643 4108 putem,
675 4031 848 4104 Horatium,
872 4049 953 4112 quac
974 4032 1041 4098 eius
1068 4032 1176 4097 iudicii
1202 4034 1298 4098 iaerit
1319 4035 1484 4108 subtilitas,

290 4151 445 4212 immerito
465 4152 558 4212 talem
586 4153 687 4214 virum
715 4155 870 4235 castigare
900 4157 1045 4219 voluisse.
1096 4156 1204 4221 Cicero
1229 4163 1345 4232 autem,
1378 4157 1431 4238 qui
1452 4157 1486 4218 io

291 4271 400 4334 Lucilii
419 4272 508 4335 libris
528 4273 695 4356 imaginem
717 4277 864 4356 antiquae
885 4284 918 4342 et
944 4281 1132 4342 vernaculas
1153 4279 1329 4346 festivitatis
1354 4279 1413 4342 sibi
1433 4279 1485 4340 in-

291 4396 413 4460 venisse
433 4396 516 4459 visua
542 4405 611 4472 est,
638 4405 747 4465 tanton
762 4397 849 4464 iilam
876 4400 909 4465 in
934 4400 1102 4467 verborum
1129 4401 1315 4468 traiectione
1338 4401 1484 4463 vitiosum
