3250 5136
526 461 581 519 EX
600 461 723 519 libius
741 460 924 518 INGERTIS.

134 604 199 665 167.
223 604 319 665 Cuius
340 606 365 666 si
387 606 418 665 in
438 605 581 686 periculo
604 607 718 670 feceris
738 607 926 688 periculum.

134 717 199 779 168.
220 719 478 802 purpureamque
504 739 597 782 uvam
616 721 693 784 fauit
712 721 818 786 albam
838 720 1023 802 pampinum
1045 721 1174 784 luthere.

134 831 199 896 169.
221 833 309 896 Facti
329 833 489 915 subpudel
511 833 554 914 (tu
580 835 678 917 di...)

135 945 200 1007 176.
223 945 317 1020 Quod
340 949 486 1030 adeptus.

135 1062 200 1121 171.
225 1061 287 1122 Ore
309 1069 453 1143 corupto.

135 1173 200 1235 177.
223 1175 354 1238 Catella.

135 1289 200 1350 173.
222 1291 516 1352 Austerissimarum
539 1290 710 1354 herbarum
730 1313 843 1357 suecos
869 1293 1076 1376 exprimebat.

135 1403 200 1465 1777.
223 1403 319 1466 Erant
342 1410 373 1466 et
393 1424 547 1488 equorum
568 1405 712 1468 inaurata
736 1413 854 1488 tapeta.

135 1518 200 1580 175.
224 1551 259 1564 -
280 1537 335 1580 ore
355 1520 455 1581 saiern
479 1520 617 1600 expiavit
638 1541 791 1584 amarum.

135 1631 200 1693 176.
222 1633 359 1694 Addere.
413 1639 415 1650 ’

134 1813 323 1822 -----··-—-

134 1924 175 1984 pai
191 1923 218 1970 in
236 1923 328 1972 truria
352 1927 375 1972 ei
399 1926 459 1970 traca
479 1928 500 1972 le
517 1927 627 1984 opportet
646 1923 704 1971 loca.
740 1925 817 1984 glossa
848 1925 873 1972 iu
904 1925 1010 1972 omnium
1045 1925 1228 1988 antiquissimo,
1257 1929 1318 1989 quot

133 2023 238 2074 quocum
255 2012 338 2060 Cicero
355 2024 394 2073 ap.
412 2012 513 2059 Paulum
530 2013 649 2061 consentit
666 2012 709 2074 qui
739 2012 799 2058 milri
816 2011 899 2060 ridere
917 2012 1031 2074 contigit,
1054 2013 1185 2074 exemplari
1202 2017 1313 2076 reperta:

135 2103 197 2148 lesco
209 2111 293 2161 aspera
303 2099 328 2148 et
340 2099 446 2148 difficilia
458 2113 510 2149 esse
522 2100 589 2149 dicit.
602 2100 645 2149 sed
657 2101 707 2149 ior·
740 2099 828 2147 Catella
839 2099 1011 2150 diminutivum
1021 2103 1059 2150 est
1076 2116 1090 2150 a
1109 2103 1192 2152 catena
1210 2101 1316 2166 dicitque

133 2188 196 2236 tasse
209 2190 286 2236 tumeo
298 2187 412 2248 ap.Varr.
424 2188 449 2236 et
461 2191 523 2237 tesoo
535 2186 629 2237 diversa
641 2190 705 2237 sunt.
739 2187 848 2235 catellam
865 2189 998 2238 imitatione
1016 2189 1109 2239 Lucilii.

168 2255 705 2336 167.tion.p.2ib.a.eriibroxxv111.
775 2273 833 2324 775.
851 2269 925 2324 Probi
946 2277 1025 2324 instit.
1053 2274 1082 2338 ἕ.
1102 2275 1162 2336 128.
1188 2277 1316 2328 Endlicber

132 2363 251 2414 laudatur.
522 2421 525 2428 Ἴ
738 2364 850 2412 Analecta
868 2367 974 2413 Gramm.
992 2377 1019 2426 p.
1032 2364 1092 2412 755.
1118 2365 1227 2416 scribon.
1245 2369 1315 2428 bara.

169 2451 226 2502 168.
245 2451 372 2500 Cledonius
389 2453 446 2502 Arte
465 2467 491 2514 p.
509 2453 586 2502 1896.
610 2453 706 2506 Putscb.
739 2453 822 2514 comp.
841 2451 929 2502 medic.
951 2452 1009 2503 777.

132 2540 263 2603 ¹l’ampinus
279 2541 305 2588 et
320 2539 705 2601 diaspenerissuntcommunis:
775 2541 834 2588 777.
859 2540 931 2586 Probi
952 2541 1064 2589 instituta
1087 2541 1182 2590 Artium
1205 2539 1234 2604 ss.
1254 2545 1315 2592 617.

131 2628 171 2676 hic
186 2627 357 2690 pampinus-
373 2628 431 2674 baec
448 2629 575 2688 pampinus
587 2628 705 2677 Lucilius.
738 2625 866 2672 Endlicber
877 2627 988 2674 Analecta
1000 2629 1082 2674 Grmn
1097 2641 1125 2686 p.
1137 2628 1197 2677 5777.
1217 2631 1317 2690 Quaeri.

168 2714 227 2766 169.
245 2714 311 2762 vett.
331 2713 439 2774 interpp.
459 2713 484 2762 in
500 2714 566 2776 virg.
584 2715 644 2764 ben.
663 2715 705 2764 lx.
739 2711 780 2759 tur
796 2713 825 2760 ab
842 2724 881 2772 eo,
901 2713 967 2772 quod
985 2712 1047 2762 dixit
1064 2715 1169 2762 Lucilius
1180 2737 1215 2761 ‚-
1227 2730 1275 2778 qua
1287 2718 1317 2767 de

133 2801 192 2850 575.
211 2814 237 2861 p.
253 2800 295 2848 60.
314 2799 358 2849 lid.
379 2799 434 2850 ilai.
739 2812 810 2848 causa
833 2801 880 2847 boc
901 2801 1008 2860 tapetium
1026 2801 1104 2852 tacere
1128 2804 1316 2867 pronuntietur3

168 2888 227 2936 770.
245 2890 297 2936 Hoc
320 2887 481 2948 fragmentum
511 2888 571 2938 falso
596 2889 708 2939 laudatur
739 2887 784 2936 bac
806 2887 836 2935 de
858 2889 1073 2950 consumentem
1096 2903 1253 2954 quaecuuque
1272 2907 1318 2946 777-

132 2978 161 3024 ab
179 2976 293 3027 Heusdio.
314 2979 350 3024 Ex
367 2977 451 3026 laceris
468 2977 532 3025 enim
549 2977 614 3026 Festi
627 2980 707 3030 verbis
739 2975 804 3024 mina
829 2977 923 3038 pencris
949 2977 1032 3029 neutri
1056 2992 1069 3030 a
1093 2980 1241 3030 nominativo
1262 2995 1318 3032 77777

131 3064 192 3114 nibil
221 3064 287 3114 alind
316 3065 462 3127 conieceris,
491 3079 563 3127 quam
589 3067 707 3116 Lucilium
738 3066 834 3114 numeri
851 3065 979 3126 singularis
995 3067 1021 3114 in
1036 3069 1172 3120 accusativo
1190 3083 1248 3128 casn
1264 3085 1316 3123 nu—

132 3152 232 3204 aliouius
252 3153 287 3200 rei
304 3154 452 3204 mentionem
471 3153 571 3216 fecisse3
595 3169 656 3218 quse
676 3157 708 3206 ad
739 3153 800 3200 meri
818 3154 917 3214 paraus
938 3168 983 3216 per
1004 3157 1107 3220 syllabas
1129 3170 1180 3208 non
1196 3163 1316 3224 croscum,

132 3241 276 3302 Quintanam
293 3244 392 3292 classem
415 3245 454 3290 vel
471 3243 502 3298 od
526 3245 602 3305 capite
624 3259 707 3295 censos
739 3240 797 3290 baec
819 3242 967 3292 nominativo
990 3257 1046 3294 casu
1071 3247 1167 3296 numeri
1192 3247 1321 3308 singularis

130 3331 272 3392 pertineret.
290 3332 351 3380 Num
370 3332 467 3379 autem:
487 3333 612 3394 quoi...
632 3335 705 3394 777777-
740 3331 784 3377 Ultl
803 3329 891 3380 litteris
908 3330 1060 3380 difiniuntur.

130 3419 169 3466 tue
190 3419 264 3482 ipsius
291 3419 375 3467 Lucilii
393 3421 466 3468 verba
484 3420 547 3482 sint,
577 3420 707 3470 admodum
775 3419 835 3469 tro.
853 3419 933 3468 Valet.
954 3421 1028 3471 Prob.
1047 3419 1079 3467 de
1100 3421 1199 3470 nomine
1222 3420 1315 3484 §.16

129 3505 231 3556 dubium
249 3507 293 3556 est.
477 3552 479 3560 .
739 3505 866 3560 Endlicber
877 3507 942 3554 Anal.
955 3509 1038 3556 Gran.
1051 3521 1077 3570 p.
1092 3507 1153 3556 777.
1165 3509 1237 3570 „Sed
1247 3512 1277 3560 ab
1289 3524 1320 3560 ea·

166 3594 226 3642 777.
244 3595 386 3642 consentius
399 3595 429 3644 de
439 3595 595 3646 barbarismis
612 3601 638 3646 et
655 3610 707 3646 me-
739 3594 831 3654 origine
849 3593 930 3655 venit,
955 3595 984 3642 ut
1000 3595 1118 3656 significet
1134 3596 1201 3646 'rocos
1220 3600 1247 3648 et
1261 3599 1322 3648 ideo

131 3681 252 3744 taplasmis
268 3693 294 3742 p.
307 3682 352 3731 50.
377 3685 499 3732 Buttman.
532 3719 551 3748 „
561 3685 647 3733 Poetae
666 3685 705 3734 ta·
739 3683 800 3732 seles
817 3681 944 3748 masculini
959 3683 1054 3744 generis
1071 3695 1123 3734 esse
1143 3685 1172 3732 ut
1189 3687 1254 3750 apud
1270 3689 1318 3736 Lo-

116 3770 197 3831 Ι7777777
214 3770 384 3832 metaplasmos
402 3784 455 3818 cum
472 3771 519 3837 ipsi
534 3773 582 3822 iarn
595 3774 705 3836 scriptu·
735 3769 828 3842 ¹cilium.
867 3771 936 3820 ilunc
964 3771 1049 3820 Lucilii
1073 3784 1170 3824 uersum
1196 3775 1239 3826 tib.
1267 3776 1316 3828 inc.

130 3871 181 3906 ram
199 3859 339 3920 relinquunt
355 3860 507 3924 corruptam,
531 3861 560 3909 nt
576 3862 619 3924 ‚est
633 3861 705 3912 relli—
738 3859 767 3906 ii.
790 3858 848 3909 teo.
867 3870 893 3919 p.
910 3858 969 3908 7877.
988 3859 1126 3932 llip.1onte
1145 3875 1198 3915 non·
1212 3863 1318 3914 indicato

130 3947 198 4008 quus
218 3946 356 3996 pessuma
373 3973 407 3984 -
427 3947 525 3997 7777777
548 3949 612 3998 enim
634 3963 706 4000 unam
739 3929 772 3994 ul
797 3947 913 3999 columna
939 3946 976 3999 77
1002 3947 1104 4001 mnium
1131 3963 1158 4012 p.
1184 3953 1243 4002 1re.
1273 3953 1317 4002 77.

114 4036 234 4096 ‚litteram
246 4047 290 4098 per
306 4035 492 4096 metaplasmum
502 4037 521 4085 l.
540 4037 600 4086 llam
611 4040 704 4090 contra.
738 4035 812 4096 Neap.
832 4046 846 4082 e
860 4034 947 4084 (lodice
962 4036 1184 4105 nostrouprotuli13
1207 4042 1322 4093 ceterum

130 4124 324 4173 sicutbucilius:
344 4123 448 4184 dempsit
465 4123 528 4174 enim
545 4137 617 4177 unam
635 4126 704 4176 litte-
740 4135 786 4186 pm
804 4122 909 4193 77777777
926 4123 985 4191 dod·
1005 4124 1098 4176 lueis
1118 4129 1248 4190 conbusti·

130 4225 181 4262 ram
198 4225 241 4274 per
260 4214 443 4274 metaplasmum
461 4225 487 4261 r.
777 4210 836 4258 176.
855 4212 923 4259 serv.
948 4210 979 4259 ad
1005 4214 1063 4264 Aen.
1081 4216 1123 4284 yi.
1142 4217 1185 4266 90.
1209 4217 1321 4280 „aido

167 4299 225 4346 777.
244 4301 327 4352 Barth.
350 4300 453 4350 Adsere.
475 4302 589 4350 xxxvii.
609 4299 651 4350 77.
674 4303 707 4354 ad
738 4303 800 4351 luno
817 4299 940 4352 inimica.”
961 4302 1004 4355 Est
1021 4303 1221 4364 autenrerbum
1236 4307 1322 4356 77777177

129 4391 189 4434 flor.
207 4391 251 4449 Ep.
270 4393 290 4438 1.
311 4391 352 4439 77.
372 4391 414 4438 55.
440 4390 510 4450 digna
528 4387 643 4439 memoria
668 4390 705 4437 est
737 4375 763 4436 ei
780 4388 946 4449 antiquorum.
958 4392 989 4439 ut
1004 4391 1170 4443 nimiunn.
1184 4393 1265 4447 ube.
1277 4395 1323 4444 19..
