3242 5138
505 417 557 482 ltu
572 416 754 482 masuris
772 422 994 482 numumnls.
1131 496 1134 501 .
1263 445 1347 484 xxxix

70 579 89 600 '
156 574 326 655 glaoliator,
364 571 457 634 haud.
480 569 574 632 dubie
605 570 657 630 ab*
677 571 843 643 Aesernia,
875 571 954 632 urbe
984 571 1165 646 Samnitioa,
1195 587 1276 650 quae
1306 574 1345 634 ad

156 697 275 756 laevam
303 694 447 758 Volturni
477 694 576 772 ripam
605 693 663 754 sita
685 699 768 765 erat,
797 692 854 755 eir.
878 693 941 754 Cic.
966 693 1022 772 llp.
1045 693 1086 754 ad
1108 693 1243 756 Atticum
1266 697 1342 756 vlu·

157 821 195 880 ll.
224 821 261 878 l).
290 817 547 896 cognominatus3
577 815 631 894 qui
658 815 725 876 lore
746 829 822 880 eum
847 815 1036 876 Pacideiano
1057 816 1251 898 *compositus
1277 835 1344 880 esse

157 946 313 1018 putatur-5.
326 939 375 998 eui
396 939 566 998 auriculam
581 937 740 1006 mordiens
753 937 1059 1000 abstulisaevidelur
1078 937 1136 999 eir.
1152 940 1217 1011 Cio.
1233 941 1287 1019 Ep.
1305 941 1342 1008 ad

158 1061 195 1138 Q.
219 1064 268 1123 Fr.
283 1063 334 1122 lll.
350 1063 380 1127 i,
396 1061 424 1121 i.
448 1062 556 1122 Gioero
579 1061 738 1139 ipse-eum
759 1059 919 1120 Aeschinis
942 1061 1211 1122 et-lienrosthenis
1231 1061 1344 1124 oratio-

158 1183 259 1246 nesin
279 1182 418 1247 lauram
440 1184 616 1255 translatas,
639 1183 670 1242 in
693 1182 853 1261 publicum
873 1183 1002 1256 ederet'
1017 1199 1060 1258 „a
1080 1201 1140 1258 me,
1158 1184 1270 1262 inquit,
1292 1185 1343 1262 (de

45 1351 49 1360 ,
158 1311 221 1383 opt.
242 1322 313 1384 gen.
330 1303 456 1364 dicendi
470 1303 521 1368 Vl.
539 1304 610 1382 tl.)
624 1303 828 1382 gladiatorum
848 1321 907 1384 par
923 1305 1147 1367 nobilissimum
1166 1306 1342 1378 indueitur3

155 1426 266 1488 eodem
288 1434 416 1487 auctore
436 1427 570 1490 Lucilius
591 1423 678 1491 haee.
692 1426 790 1488 daeo
813 1433 943 1490 testatus
963 1435 1051 1496 erat:

309 1550 378 1610 Non
397 1553 526 1627 spurcos
546 1549 633 1609 doram
653 1550 705 1610 aad
722 1550 827 1610 doulos
843 1556 877 1610 et
898 1567 968 1610 ooer

315 1672 389 1730 ilum
408 1671 600 1732 *Pacideiano
616 1672 665 1732 hio
683 1674 873 1752 conspartione
891 1673 1015 1749 optimo'
1040 1674 1128 1756 lotape

310 1793 383 1852 Post
403 1792 538 1864 homones
558 1799 657 1852 natos.

235 1914 305 1990 Quo
326 1913 451 1992 quidem
471 1914 539 1971 looo
566 1928 634 1970 eum
655 1909 746 1971 Nonii
767 1910 959 1993 testimoniis
971 1931 1003 1990 p.
1022 1913 1075 1974 ild
1090 1929 1119 1974 a.
1142 1922 1174 1976 et
1193 1935 1225 1996 p.
1241 1917 1340 1988 auia

157 2013 269 2096 oeliato
291 2035 384 2095 facile
411 2041 458 2094 est
485 2032 523 2093 ad
550 2006 809 2111 intelligendum,
833 2031 1159 2097 Ciceronem'tantun'r
1187 2037 1278 2100 modo
1305 2057 1344 2103 ex

156 2163 248 2234 parte
267 2155 376 2215 Lucilii
398 2171 505 2214 versus
522 2154 726 2232 expressisse,
755 2154 808 2232 qui
835 2155 918 2232 apud
943 2156 1074 2219 Nonium
1101 2157 1264 2236 leguntur,
1294 2163 1342 2222 vel

156 2278 260 2356 potius
279 2277 361 2337 duos
380 2276 518 2340 diversas
537 2277 624 2336 loeos
642 2275 675 2336 in
695 2293 791 2336 unum
812 2276 1023 2341 coniunxisse.
1040 2297 1043 2302 ·
1065 2279 1139 2338 Cum
1158 2280 1240 2340 enim
1261 2283 1344 2360 apud

158 2399 290 2460 Nouium
316 2399 505 2460 Aeserninus
532 2415 661 2477 spurcam
687 2399 774 2458 danao
800 2399 865 2458 olto
890 2399 949 2460 illo
968 2399 1079 2478 dignos
1105 2401 1225 2479 locoque
1245 2401 1346 2476 dietus

157 2520 211 2593 sit,
235 2519 317 2599 apud
337 2520 517 2582 Gieeronem
539 2520 664 2582 audiat:
685 2537 746 2582 oon
766 2536 895 2598 spurcos
913 2519 1002 2580 domo
1019 2520 1072 2580 sed
1095 2521 1245 2586 dornoso
1264 2539 1343 2598 onor,

157 2642 342 2703 alterutrum
365 2642 473 2719 utique
496 2641 694 2730 statuendum
718 2647 780 2712 est,
812 2647 867 2700 aut
893 2640 967 2700 alio.
980 2641 1052 2700 loeo
1072 2643 1155 2718 apud
1175 2643 1343 2719 Lucilium,

159 2763 406 2848 aliamtortasse,
421 2779 584 2840 personam
596 2760 687 2822 'aliud
706 2759 855 2820 iudicium
869 2759 908 2820 de
929 2760 1099 2823 Aesernino
1112 2761 1343 2840 interposuisse.

159 2890 214 2944 aut
240 2884 570 2947 uiceronom‘versum
594 2883 682 2944 illum
707 2880 900 2942 Lucilianum
926 2880 1086 2959 paulisper
1110 2865 1287 2966 immutasse
1315 2891 1347 2948 et

157 3007 334 3078 inflexisse3
359 3023 452 3084 quam
466 3005 505 3066 ad
519 3005 705 3066 sententiam
719 3003 899 3065 firmandam
914 3003 1025 3081 aliquis
1036 3003 1171 3064 fortasse
1184 3004 1346 3083 epitheton
1361 3071 1362 3074 ,

159 3129 275 3189 motos.
289 3128 448 3212 citaverit,
476 3129 592 3206 quippe
613 3125 814 3206 quodmagis
833 3125 948 3206 oratori
968 3143 1060 3204 quam
1083 3126 1248 3204 gladiatori
1267 3143 1345 3194 eon·

158 3250 274 3311 veniat.
316 3249 384 3312 Sed·
396 3249 702 3327 eonferas‚.quaeso‚
724 3247 827 3308 Plauti
846 3245 1036 3308 Pseudolum
1056 3248 1093 3307 ll.
1108 3249 1138 3308 u.
1154 3247 1203 3308 55.
1232 3249 1343 3321 Molos,

157 3371 306 3442 rollione,
330 3372 453 3434 dootoa'
474 3377 506 3430 et
523 3371 705 3431 Petronium
718 3386 745 3428 e.
761 3369 819 3440 8113
841 3371 1009 3453 Volerones
1024 3370 1144 3430 latro-et
1163 3371 1240 3448 ipsis
1260 3371 1345 3432 leno·

155 3493 249 3554 nibus
262 3494 387 3554 doctior.
420 3493 564 3554 Ceterum
585 3492 610 3552 si
629 3492 670 3558 in¹
682 3491 856 3568 fragmento
877 3494 986 3550 octauo
1006 3490 1072 3550 Lib.
1088 3491 1140 3548 lV.
1155 3559 1159 3562 ,
1175 3491 1246 3552 Furi
1259 3496 1347 3552 reete

160 3597 335 3676 coniectum
346 3621 403 3687 est,
420 3614 582 3681 Aesernini
595 3610 974 3690 nomengentilel'urinm
989 3608 1082 3669 luisse
1095 3615 1183 3692 puto.
1203 3608 1249 3671 Ad
1262 3609 1345 3670 idem

161 3735 466 3806 certamen-peierat
493 3735 604 3814 aliquis
632 3734 671 3796 ir.
692 3734 755 3795 ine.
776 3732 825 3792 di.
854 3730 995 3796 moreio
1024 3747 1129 3790 murro
1153 3730 1290 3810 gladium
1312 3732 1346 3790 io

157 3861 276 3933 pretore
295 3865 398 3919 totone.
439 3857 499 3920 Sed
522 3853 601 3918 nihil
620 3856 701 3916 eorti-
715 3860 854 3930 statuere
874 3834 985 3914 audeo.

238 3974 347 4040 Adhue
369 3995 475 4038 eorum
500 3979 659 4040 hominurn
688 3966 812 4038 nomina
825 3961 1066 4054 percensuimus
1075 4005 1087 4046 ,ι
1113 3973 1167 4052 qui
1190 3957 1244 4034 aut
1263 3973 1347 4038 inter

161 4077 308 4178 patronos
328 4097 437 4160 Lucilii
454 4099 639 4162 numerandi
658 4106 745 4171 sunt,
778 4104 834 4158 aut
852 4095 1052 4158 similitudine
1074 4095 1208 4174 quadam
1229 4095 1347 4156 studio-

161 4239 230 4282 rum
253 4239 324 4284 oum
348 4219 459 4282 eodem
478 4221 607 4285 luerunt
625 4220 801 4294 coniuncti,
823 4219 979 4281 nutritiis
999 4219 1138 4306 eiusdem
1160 4216 1349 4298 indignatio-

160 4359 231 4404 nem
255 4348 434 4416 moverant,
458 4348 515 4402 aut
537 4343 596 4406 alia
616 4343 748 4422 quadam
771 4341 811 4403 de
824 4357 926 4404 eausa
951 4341 998 4402 illi
1023 4341 1129 4404 idonei
1148 4331 1346 4412 uidebantur,
