3286 5126
568 365 618 426 u!
639 364 1005 428 outttouu‘tttutttt.
1313 389 1378 432 cmx

186 521 222 575 ut
249 517 312 576 uon
341 511 499 577 mediocre
531 511 802 576 mauracense
827 519 922 592 atque
945 513 1043 576 miras
1061 517 1200 596 argutias
1224 516 1376 591 indicant,

184 637 245 710 ita,
266 652 360 715 quam
374 634 460 696 rama
479 640 515 696 at·
529 635 692 715 multiplex
711 634 820 697 Lucilii
833 635 1021 708 doctrinata
1035 638 1137 700 satiris
1156 639 1266 713 luerit,
1289 657 1377 702 cont-

185 757 331 838 ptohant.
371 755 418 818 lc
451 763 620 836 praecepta
650 755 690 818 de
721 755 945 838 orthographia
974 758 1068 820 ctiam
1099 767 1231 840 spectat.
1264 761 1303 823 ir„
1324 764 1375 824 lli.

186 881 282 954 „lion
298 897 374 940 =aon
398 879 530 940 muitum
558 878 647 942 abest
673 871 904 960 cacosyndetoa
930 886 1023 961 atque
1046 882 1161 944 canina
1185 887 1190 954 Ι
1213 883 1245 944 Si
1270 883 1377 962 lingua

185 1001 271 1080 dico,
293 999 370 1061 nihil
390 1019 429 1062 or
446 1017 655 1073 mepnonrea
670 999 731 1074 hoc
746 1002 795 1063 illi
815 1003 893 1065 est.”
927 1003 992 1072 linc
1012 1003 1095 1066 euim
1115 1004 1184 1066 loco
1197 1003 1375 1079 decanica,

182 1123 286 1186 littera
307 1124 371 1203 agit
390 1129 500 1203 poeta,
526 1139 607 1204 quae
627 1123 754 1202 quidem
775 1125 926 1192 Martiano
947 1126 1071 1204 capella
1096 1132 1242 1198 auctore,
1266 1141 1376 1189 corra-

184 1245 278 1321 ditur,
300 1245 351 1306 vel
372 1251 409 1306 ut
428 1245 541 1306 hierius
561 1245 739 1310 Victorinus
758 1264 791 1326 p.
807 1247 893 1308 atto.
924 1238 1129 1320 „vibratione
1151 1248 1237 1311 vocis
1261 1249 1296 1309 in
1308 1265 1376 1328 pa-

182 1367 263 1440 lato,
287 1367 413 1446 linguae
433 1366 556 1448 fastigio
568 1367 728 1447 fragorem
748 1369 887 1430 tremulis
905 1368 1021 1430 ictibus
1034 1369 1171 1434 reddit.”
1191 1370 1377 1434 audereote

183 1489 307 1552 Persius
328 1490 358 1550 S.
375 1491 400 1552 l.
416 1489 494 1552 tou..
513 1498 635 1562 „.aonat
659 1490 711 1552 hic
737 1490 777 1555 de
797 1500 882 1552 aare
906 1491 1029 1552 canina*
1046 1491 1176 1556 tittera”
1202 1491 1244 1553 de
1264 1506 1376 1554 canum

183 1609 327 1684 tremite,
356 1610 453 1689 qnod
465 1589 597 1674 Romani
625 1611 754 1684 hirrire,
773 1611 887 1674 Graeci
908 1609 1085 1694 ἀραρίζειν
1104 1612 1375 1676 recensuerint.

182 1733 295 1812 scalig.
313 1733 469 1795 'Coniectt
501 1751 534 1814 p.
556 1733 617 1795 tut.
633 1751 701 1812 sqq.
724 1731 833 1794 Valch.
862 1733 987 1794 animm.
1016 1732 1055 1794 ad
1082 1735 1223 1795 Ammon.
1251 1751 1284 1813 p.
1305 1735 1374 1796 252.

181 1855 312 1922 Accedit
340 1855 424 1934 quod
447 1855 483 1918 in
509 1855 684 1935 antiquiore
712 1854 870 1919 scribendi
895 1854 1017 1932 ratione
1042 1871 1153 1934 praep.
1173 1856 1217 1916 od
1243 1873 1314 1917 cum
1327 1873 1377 1917 or

179 1983 332 2036 motatum
350 1977 401 2038 sit.
429 1976 489 2038 cir.
510 1977 612 2039 Plaut.
634 1977 728 2038 Truc.
745 1978 786 2036 ll.
808 1975 839 2036 2.
862 1975 912 2038 li.
941 1981 974 2036 et
1003 1974 1182 2045 Schneider
1192 1972 1240 2038 ede
1264 1975 1377 2039 litteris
1485 1995 1488 2000 ’

180 2099 204 2160 Ι.
217 2117 258 2178 .p.
275 2097 332 2160 itt
353 2117 421 2178 sqq.
442 2115 504 2178 qna
527 2097 619 2166 relit
637 2097 851 2172 manifestum,
880 2093 1032 2162 Lucilium
1055 2094 1116 2166 hoc
1142 2095 1320 2176 fragmento.
1336 2095 1376 2160 de

180 2219 287 2282 littera
302 2221 527 2302 rdtspatasser
548 2238 640 2301 marn
659 2221 789 2284 Romani
807 2220 907 2299 magia
919 2237 968 2290 ur,
988 2235 1085 2298 quum
1104 2223 1231 2290 atnoe,
1251 2236 1285 2280 cr
1304 2227 1377 2298 pro·⁸

180 2343 340 2407 nuntiasse
364 2344 519 2417 ridentur,
544 2342 644 2418 unde,
662 2342 749 2423 quod
769 2359 863 2423 snpra
876 2347 1088 2404 memoratum
1101 2347 1163 2414 cst,
1186 2340 1375 2404 Graecorum

180 2461 345 2548 oipoiplgor.
382 2467 464 2529 Satis
488 2473 538 2528 cst
556 2465 721 2546 probabile
744 2465 915 2537 Lucilium,
943 2470 1107 2544 postquem
1131 2461 1171 2524 de
1203 2462 1315 2526 litteris
1344 2469 1378 2526 at
1508 2469 1511 2476 '

180 2585 220 2648 da
240 2586 464 2667 orthographia
485 2587 601 2664 egerit,
630 2587 728 2648 ctiam
745 2585 962 2648 declinationis
990 2591 1021 2646 et
1042 2583 1269 2664 coniupadonis
1291 2584 1376 2662 legas

181 2681 397 2787 percurrisse,
424 2709 476 2770 vel
504 2723 540 2770 aa
561 2713 809 2778 retractasse,
839 2721 919 2784 quae
939 2705 971 2766 in
992 2705 1178 2792 scriptorum
1198 2719 1257 2767 usu
1275 2703 1377 2766 minus

181 2831 243 2894 sihi
263 2829 544 2916 prohaharentur„
568 2829 615 2890 ad
636 2827 815 2908 hoc-genua
838 2827 1014 2907 pertinent,
1033 2843 1116 2905 ,queo
1138 2826 1192 2886 ille
1205 2825 1256 2908 de
1277 2825 1376 2892 nomi<

182 2951 287 3015 nativo
306 2951 340 3013 iu
362 2953 390 3013 ci
413 2957 445 3014 et
465 2951 666 3031 defgcaitlvo
688 2951 721 3016 in
740 2951 770 3022 i,
800 2950 841 3012 ds
861 2949 965 3012 dativo
982 2949 1019 3012 ,in
1039 2951 1075 3012 ei»
1087 2948 1249 3014 desinente
1269 2947 1376 3028 diopu-

183 3074 273 3148 tavit,
295 3082 459 3154 praeterea
480 3073 603 3148 dafirus
624 3078 755 3152 quantae
779 3071 997 3136 declinationis
1026 3071 1058 3136 iu
1083 3087 1122 3150 q,
1136 3070 1275 3149 quintae
1302 3069 1336 3132 itt
1361 3085 1377 3136 t

182 3203 349 3278 correptus
372 3215 409 3258 ex
438 3195 498 3258 hae
526 3202 616 3275 parte
645 3212 663 3256 a
686 3195 785 3256 Gellio
812 3193 932 3256 laudati
953 3210 1022 3254 esse
1041 3192 1197 3256 videntur.
1218 3192 1255 3255 Ν.
1270 3191 1374 3255 dlv.

181 3319 355 3392 to.6;1xr
380 3320 426 3386 lit.
442 3319 490 3380 at.
532 3316 593 3378 Sed
619 3331 658 3378 aa
684 3317 736 3378 illa
763 3315 862 3378 dativi
885 3314 986 3394 ¹torma
1015 3313 1128 3377 tertiae
1146 3311 1374 3384 declinationis,

181 3428 274 3520 quam
300 3443 328 3502 ci
354 3442 550 3504 terminatam
570 3457 641 3503 csse
659 3439 774 3512 voluit,
802 3437 934 3501 fortasse
961 3434 1264 3518 explicandumlest,
1292 3432 1375 3510 quod

180 3562 342 3642 aliquoties
362 3563 515 3625 ablativus
535 3580 593 3644 pro
613 3561 718 3622 dativo
738 3561 857 3639 positus
877 3573 945 3620 ease
965 3555 1100 3620 videtur.
1122 3551 1251 3622 cir.,tll.
1269 3553 1315 3615 lli.
1337 3554 1376 3620 Et

180 3686 314 3763 spritum
340 3687 477 3748 caroccio
503 3702 628 3764 corpore
648 3683 805 3746 hoscum
833 3695 985 3744 sumemus
997 3701 1008 3753 ,·
1029 3677 1081 3741 lV.
1098 3679 1146 3740 ih.
1177 3677 1220 3740 Hi
1241 3693 1319 3755 pros
1345 3693 1376 3740 cc

177 3815 304 3886 portoot
322 3809 455 3885 torpentes
475 3825 597 3870 munere
614 3807 713 3886 pieros
734 3806 862 3885 triptota
881 3819 1029 3864 numero:
1055 3799 1139 3862 unda
1159 3796 1323 3879 probabile·
1341 3795 1377 3861 fit

180 3929 273 3992 ctiam
297 3927 337 3989 ir.
353 3927 415 3990 inc.
431 3929 481 3990 to.
509 3931 657 3992 esuriente
681 3928 762 3990 taoni
786 3931 873 3990 recte
897 3942 968 3988 case
989 3923 1182 3990 ‚coniectum
1212 3919 1271 3982 cfr.
1295 3918 1374 3980 Geli.

180 4054 204 4113 i.
219 4052 281 4112 at..
295 4058 391 4112 morte
417 4050 507 4112 dotus
535 4009 567 4112 et
589 4047 737 4114 Schneid.
763 4051 801 4112 ll.
822 4064 854 4128 p.
872 4047 930 4110 900
947 4064 1014 4125 sqq.
1055 4043 1103 4106 td
1125 4041 1374 4122 coniugationem

177 4172 384 4236 illustrandam
407 4172 547 4252 pertinet
564 4173 604 4236 ir.
621 4174 668 4241 ll.
688 4172 810 4252 feruore
827 4189 865 4232 aa
886 4171 1028 4248 loopuot,
1048 4182 1152 4228 vorum
1176 4164 1230 4234 hoo
1252 4161 1374 4230 lectori-

180 4293 239 4358 aa
254 4295 407 4360 tradem?
433 4295 481 4364 ita
507 4294 590 4358 eninr
618 4309 741 4370 tomum
767 4289 997 4362 emendandum
1024 4305 1092 4353 esse
1120 4291 1214 4367 puto.
1241 4296 1375 4366 quocum
