3286 5126
345 453 396 510 oa
416 421 658 512 erroneorum
676 441 875 513 tirrenum
889 437 1146 516 anaousnulsi
1263 461 1348 519 exin

157 601 232 662 sati-s
251 598 414 680 probabile
435 608 493 662 eet.
528 601 667 664 Primum
680 603 918 664 onim'Laeilioe
938 601 1349 686 hano'satoramseripsisso

157 721 292 796 videtur,
306 721 425 784 ebullis
438 723 637 816 impugnatus
651 731 683 786 et
695 731 731 785 ut
745 741 762 786 a
777 721 1060 804 reprehensoribus
1072 743 1139 790 sose
1150 702 1345 792 detenderet.

155 841 215 906 uir.
233 841 272 905 ir.
288 841 343 906 Ν..
355 843 492 906 xlivlllr
509 837 629 906 lllll'lv.
653 848 677 906 A
693 860 827 924 quonam
842 844 903 909 hoo
917 847 1035 914 laetum
1049 851 1089 913 sit
1102 855 1211 930 parum
1227 851 1344 930 liquet;
1367 891 1368 898 κ

156 967 293 1030 Lucilius
319 971 492 1028 autemut
514 967 641 1030 illoram
670 969 800 1030 erimina
829 969 1007 1046 refelleret,
1024 971 1074 1032 'in
1102 973 1282 1036 universum
1310 975 1352 1038 de
1405 1037 1408 1042 .

157 1091 401 1154 auderemuum
420 1089 575 1164 muribus,
597 1091 651 1169 qui
670 1095 736 1156 tum
758 1099 868 1167 erant,
885 1093 986 1174 egisse
999 1091 1135 1168 ridetur,
1156 1094 1197 1159 lr.
1212 1092 1359 1158 xxxvl*
1450 1129 1456 1138 ·

155 1228 292 1294 quoram
310 1213 398 1276 varia
424 1194 526 1276 studia
555 1215 732 1287 enumerat,
763 1213 909 1276 sedeam
931 1217 1028 1279 molta
1044 1217 1174 1281 illorum
1191 1217 1347 1293 irrisione,¹

155 1335 199 1398 ita
225 1343 261 1398 ut
290 1337 363 1398 eius·
382 1335 527 1398 defensio
542 1351 610 1398 non·
632 1338 773 1400 multam
790 1308 830 1400 ab
856 1337 1023 1400 Horatiana
1051 1335 1261 1422 discreparet,
1285 1341 1346 1403 'clm

157 1459 262 1522 Horat.
276 1460 324 1520 'Sa'
340 1459 377 1520 lt.
395 1459 422 1520 l.
437 1459 486 1522 148.
526 1461 567 1522 At
584 1459 656 1522 tlte:

311 1583 444 1662 Quime
465 1584 628 1644 commorit
650 1617 686 1630 -
710 1583 820 1646 melius
843 1601 906 1644 non
926 1589 1072 1664 tangere,
1094 1585 1211 1662 memo,

231 1705 234 1712 ’
309 1705 462 1768 Flebit-et
480 1703 612 1787 insignis
635 1709 700 1767 tota
724 1705 902 1768 cantabitur
920 1699 1016 1779 urbe;
1122 1729 1125 1736 ¹
1195 1741 1199 1750 ·

307 1829 438 1890 Cervius
456 1829 555 1890 iratus
574 1828 660 1908 leges
680 1824 843 1889 minitatur
862 1835 897 1890 et,
913 1844 1041 1901 arnam,
1142 1817 1145 1822 ’
1191 1855 1194 1864 ·
1257 1829 1260 1836 ⁴

311 1949 439 2012 Canidia
460 1949 587 2025 Albuti,
603 1949 717 2028 qtribns
736 1956 784 2011 est
801 1949 944 2024 inimica,
965 1966 1139 2024 remanum,

215 2076 218 2080 ’
305 2072 437 2134 ¹Grande
455 2061 569 2134 malum
585 2071 717 2145 Torius,
739 2071 765 2134 si
782 2067 918 2150 ouid‘se
933 2069 1037 2136 iudice
1057 2079 1178 2135 certes:
1245 2100 1256 2110 ⁷·
1304 2083 1311 2104 ³

145 2196 200 2264 lit·
213 2195 348 2274 primum
369 2191 496 2274 quidem
516 2194 555 2257 de
576 2201 699 2274 patrum
719 2194 912 2272 induigentia
934 2196 1017 2276 agit,
1045 2197 1177 2274 quorum
1203 2211 1350 2276 perversa
1482 2214 1486 2221 ·

155 2318 322 2380 elementia
341 2317 383 2378 ad
403 2317 466 2380 uim
480 2318 605 2382 virtutis
623 2316 829 2398 frangendam
849 2317 1015 2398 pertineat.
1037 2317 1078 2379 lr.
1093 2319 1119 2379 l·
1148 2319 1353 2382 Sed-induxit

155 2447 247 2520 poeta
278 2439 433 2502 hominem
462 2441 564 2502 omnia
596 2437 650 2501 illa
679 2455 828 2521 perversa
847 2439 958 2503 ‘studia
985 2447 1238 2516 enumerantem,
1267 2441 1351 2522 quod

7 2559 9 2580 ⁸
130 2561 135 2568 ’
159 2561 321 2624 Horatium
338 2563 372 2622 ln
397 2564 428 2624 S.
444 2563 510 2624 vu.
533 2562 606 2624 libri
632 2560 971 2642 secundi-expressisse
990 2561 1116 2634 iudico}
1130 2592 1132 2600 ,
1146 2563 1198 2623 oui
1226 2563 1351 2642 quidem

158 2681 276 2746 bomini
301 2685 430 2747 iuvenes
450 2685 494 2743 illi
514 2684 691 2763 petulantes
710 2685 896 2762 potestatem
916 2681 1050 2756 sariunt,
1072 2683 1194 2754 omnia,
1220 2699 1300 2761 quiae
1319 2686 1352 2748 iu

155 2811 289 2870 buroam
317 2807 464 2880 veniunt,
492 2803 692 2879 enuntiandi,
722 2803 892 2868 dummodo
909 2803 1043 2868 verbera
1068 2803 1194 2884 linguae
1213 2807 1351 2871 animum

157 2937 293 3006 tantum,
325 2947 388 2991 non
420 2931 533 3009 eo'r'pus
566 2929 707 2990 saucient
739 2927 778 2989 lr.
800 2926 837 2990 ll.
865 2928 969 2992 'Notat
993 2927 1089 3008 igitar
1109 2929 1165 2995 illo
1189 2929 1352 2992 avaritiam

157 3055 196 3116 ir.
213 3054 250 3116 V.
280 3070 443 3116 commune
464 3035 633 3113 nobilitatis
660 3051 792 3126 malum,
821 3049 1000 3134 superbiam
1020 3041 1352 3115 lerlsambitionem

157 3177 196 3239 lr.
212 3175 276 3238 ΧΠ.
293 3175 429 3238 xxrllV.
451 3175 606 3236 luxuriam
625 3174 664 3236 ir.
679 3175 788 3235 XVlll.
806 3175 916 3235 xxiv.
939 3173 999 3238 sed
1018 3173 1162 3254 inprimis
1177 3177 1292 3238 mullus
1306 3183 1354 3238 est

157 3298 194 3360 iu¹
220 3299 405 3363 meretriciis
439 3297 595 3360 amoribus
628 3297 838 3379 exagitandis,
856 3299 858 3303 ’
878 3297 933 3358 ubi
967 3313 1092 3360 scenam
1121 3299 1278 3377 quandam
1311 3317 1349 3360 ex

159 3421 291 3483 Caecilio
313 3437 475 3482 enarrasse
496 3421 621 3485 videtur
640 3421 705 3482 XX.
727 3419 836 3512 Xllllb
849 3421 979 3498 {xxvia
993 3421 1098 3480 xtrv.
1113 3419 1217 3480 xuvl.
1232 3422 1352 3482 XbVll.

157 3543 261 3604 XllX.
285 3547 330 3605 L.'
359 3543 419 3606 Sed
434 3544 500 3606 salii
530 3544 665 3605 animum
696 3542 736 3604 od
763 3553 873 3604 tonsas
899 3541 1035 3622 agendas
1055 3541 1222 3613 adiiciunt,
1248 3543 1354 3620 quiet

156 3665 217 3744 ipsl
237 3681 299 3726 non
318 3665 351 3726 id
363 3667 487 3748 agam,
513 3673 548 3728 ut
568 3665 829 3738 lus'delendant,
860 3661 983 3726 sedius
1003 3665 1112 3743 sasque
1132 3663 1204 3728 vilia
1220 3662 1353 3737 babent,

157 3785 326 3848 dummodo
355 3789 478 3850 luorum
506 3788 634 3850 iaciant.
666 3787 705 3849 ir.
728 3789 780 3849 lll.
802 3786 911 3850 XXXl.
933 3785 1027 3851 XXV.
1055 3787 1136 3848 XXl'.
1156 3787 1245 3849 XLV.
1270 3787 1353 3848 XlV.'

158 3907 226 3971 XV.
250 3907 363 3988 quibus
384 3910 569 3990 fragmentis
589 3911 791 3992 significatur,
823 3917 856 3972 et
875 3909 914 3972 ab
934 3909 972 3971 iis
992 3909 1157 3989 pecuniam
1177 3909 1355 3988 extorqueri

160 4031 297 4105 solitam,
323 4032 377 4110 qui
407 4041 536 4113 propter
557 4033 687 4111 erimina
712 4033 814 4112 aliqua
835 4031 950 4096 iudicia
970 4033 1133 4106 timerent,
1161 4037 1193 4094 et
1221 4031 1350 4104 abillis,

159 4155 272 4232 quibus
303 4169 425 4236 poenae
458 4163 549 4216 eraut
568 4157 807 4232 redimendae,
845 4173 923 4236 quas
955 4155 1082 4235 maligni
1115 4155 1355 4216 oalumniatores

163 4273 400 4339 minitabantur.
422 4275 466 4338 ol.
486 4276 525 4338 lr.
541 4277 634 4340 XXX.
650 4279 744 4341 XXV.
765 4278 821 4340 ubi
842 4277 1017 4340 causidicus
1036 4235 1355 4358 loquensinducitur,

158 4397 353 4479 qui-operam
369 4417 461 4464 suam
480 4399 588 4463 vendit
596 4423 605 4476 3
626 4403 680 4481 qai
694 4397 797 4465 autem
812 4397 902 4464 aliter
916 4409 1028 4481 agunt,
1051 4407 1084 4463 et
1098 4401 1162 4463 sola
1176 4398 1354 4462 inmerentia

195 4521 272 4566 Laetili
287 4524 359 4578 dogm.
1102 4521 1125 4601 f
