3286 5126
498 409 618 480 uarro
639 412 777 482 mmm
793 408 1025 482 briomilia.
1246 445 1361 490 serron
1425 493 1429 500 ,

168 573 276 652 Neque
296 587 350 635 eoa
369 571 488 644 movit,
516 543 748 650 quod'catoin
773 565 954 649 Originibus
973 573 1142 635 memoriae
1167 574 1360 654 prodiderat,
1486 620 1489 629 .

169 695 275 758 solitus
294 711 363 757 esse
392 695 432 754 in=
450 693 550 773 epulis
575 707 691 755 enuere
718 692 864 756 convivas
890 692 944 754 ad·
960 693 1121 758 tibicinem
1148 675 1363 763 declararum

168 815 330 880 hominum
341 817 508 880 virtutibus
522 833 625 896 eaque
646 815 794 878 earmina.
806 815 910 878 multis
930 817 1066 879 saeculis
1082 825 1263 908 autesuam
1276 829 1362 886 aeta-
1415 807 1419 814 ⁴

168 945 231 1002 tem
262 939 412 1002 cantitata
439 930 533 1000 iuisie
565 938 753 1013 tradiderat,
784 939 805 1000 l.
826 939 848 1000 l.
873 943 906 1000 et
933 939 997 1000 Cic.
1018 942 1104 1004 Brut.
1126 941 1207 1005 Xlll.
1228 945 1277 1005 73.
1317 947 1366 1008 llr'

168 1061 279 1124 eodem
307 1061 389 1124 euim
415 1063 714 1143 inmedingorum,
746 1062 850 1142 puetis·-
872 1061 1023 1125 bonorem
1049 1081 1112 1126 nou
1136 1065 1247 1140 luisse,
1278 1069 1362 1147 quod

168 1187 244 1248 Cato
264 1185 370 1246 Fulvio
383 1184 533 1246 Nobiliori
550 1191 587 1246 ut
607 1179 763 1265 probru'rn'
778 1183 946 1260 obiecerit,
972 1186 1055 1266 quod
1074 1191 1183 1268 poetas
1202 1203 1308 1250 senam
1328 1190 1361 1252 in

168 1307 360 1388 provinciam
374 1307 509 1369 duxerit.
541 1305 703 1370 decedunt
723 1308 818 1369 multa
834 1309 905 1382 alia,
927 1307 1040 1387 quibus
1058 1305 1238 1390 philosophi
1250 1313 1358 1386 nostri,

169 1429 222 1508 qui
244 1429 402 1504 dicuntur,
430 1427 558 1492 etlieere
583 1435 675 1510 posse
695 1429 754 1491 sibi
774 1430 832 1492 uisi
858 1437 946 1504 sunt,
976 1429 1181 1493 Romanorum
1210 1441 1245 1494 ut
1272 1434 1305 1494 in
1325 1451 1360 1496 re

167 1551 293 1632 publiea
314 1551 558 1614 administranda
580 1559 611 1614 et
633 1552 666 1613 in
693 1553 817 1633 populis
835 1553 985 1633 regundis
1010 1566 1160 1616 summam
1187 1553 1281 1618 larissa
1306 1574 1359 1618 aa·

167 1674 327 1754 pientiam,
348 1674 397 1735 ita
412 1675 444 1736 iu
464 1673 567 1754 poesis
581 1673 683 1736 studio
696 1675 860 1737 maximam
875 1676 1060 1740 socordiam.
1102 1677 1191 1754 Quae
1211 1695 1360 1758 perversa

166 1793 325 1858 bominum
347 1795 510 1858 ductorum
529 1797 644 1858 iudicia
665 1796 807 1876 pluribus
827 1797 974 1859 refellere
996 1798 1177 1860 uon-huius
1203 1806 1251 1860 est
1277 1801 1358 1873 loci3

165 1919 228 1983 vita
260 1919 344 1982 euim
373 1919 545 1981 cummunis
573 1925 605 1980 et
636 1917 765 1980 historia
795 1917 909 1980 artium
936 1918 1010 1982 satis
1035 1919 1088 1982 illa
1116 1921 1268 2001 explosit3
1304 1923 1359 1984 sed

167 2042 311 2104 doctrina
334 2041 496 2104 Graeciam
517 2048 549 2104 et
570 2041 653 2104 omni
672 2057 789 2123 genere
812 2042 987 2104 litterarum
1008 2041 1162 2106 Romanos
1184 2061 1358 2124 superasse,

164 2179 204 2229 en
219 2163 326 2226 minus
340 2171 393 2227 est·
407 2163 630 2239 dubitantium,
652 2162 737 2244 quud
750 2179 790 2226 ne
806 2165 874 2244 ipse
886 2163 1014 2244 quidem
1028 2165 1136 2228 Cicero
1157 2164 1217 2228 boo
1231 2166 1359 2230 diffiteri

166 2304 259 2351 ausus
279 2294 337 2350 est.
378 2287 440 2350 llos
459 2293 579 2363 autem,
603 2285 643 2349 de
663 2301 725 2367 qua
744 2294 828 2350 nana
848 2287 962 2368 agitur,
985 2286 1065 2350 liaeo
1086 2294 1133 2350 est
1144 2310 1153 2362 ;
1174 2291 1255 2368 quae
1275 2291 1358 2352 auti-

51 2469 53 2472 .
165 2411 319 2492 quissimis
337 2410 530 2490 temporibus
551 2411 738 2472 Litterarum
752 2411 936 2472 latinarum
959 2411 1058 2474 tuerit*
1073 2412 1169 2486 ratio,
1192 2411 1359 2491 iniquibus

165 2551 204 2596 ex
224 2535 362 2598 lontibus
385 2539 500 2608 satura,
523 2549 603 2613 quae
617 2487 743 2607 dicitur,
759 2529 931 2599 derivanda
951 2534 1010 2607 sit,
1030 2539 1071 2596 ne
1089 2535 1263 2615 ignoretur.
1295 2537 1359 2598 lam

165 2665 288 2719 exstant
308 2657 347 2718 de
368 2656 474 2736 poesis
491 2655 587 2717 initiis
609 2655 753 2734 ipsorum,
767 2657 931 2734 puetarum
957 2655 1201 2718 luculentissima
1221 2657 1359 2718 testimu—

166 2779 237 2854 nia,
258 2792 338 2859 quae
361 2791 420 2839 nos
441 2793 547 2839 errare
568 2793 631 2837 uon
651 2776 767 2838 eluunt.
802 2769 840 2837 nl
858 2773 1075 2856 parissimam
1094 2775 1220 2857 quidem
1239 2769 1358 2840 lluratii

162 2909 222 2965 eet.
264 2901 360 2982 Epist.
385 2902 424 2962 ll.
445 2899 473 2960 l.
499 2897 556 2961 loa
576 2915 644 2980 sqq.
725 2921 727 2928 ·

319 3023 480 3106 Agrloolae
500 3021 611 3102 prisci,
636 3019 733 3082 sortes
752 3015 912 3101 parvoque
932 3019 1033 3095 beati,

317 3145 447 3208 Condita
470 3152 540 3226 posi
561 3145 718 3207 frumenta
738 3142 879 3206 meantes
898 3149 1041 3224 tempore
1062 3142 1143 3206 sesto

318 3271 436 3350 corpus
450 3275 482 3332 et
501 3269 603 3350 ipsum
623 3267 771 3340 animum,
795 3259 851 3346 spe
871 3265 941 3328 linis
962 3265 1039 3328 dura
1057 3257 1233 3350 terentem,

192 3396 195 3406 “
318 3381 394 3454 (lum
415 3392 506 3454 seclia
525 3405 671 3472 operum,
693 3389 800 3470 pueris
823 3394 856 3450 et
875 3389 1008 3469 coniuge
1030 3387 1109 3461 lida,

264 3543 267 3550 ⁴
319 3515 475 3578 'lellurem
492 3530 608 3596 porco,
630 3513 790 3575 Silvanum
806 3505 889 3572 la'ote
909 3508 1054 3590 piabant,

317 3636 465 3699 Floribus·
478 3643 510 3700 et
530 3637 602 3699 vino
622 3635 765 3716 genium,
787 3648 956 3695 memorem
977 3629 1082 3696 brevis
1104 3628 1189 3704 aeai3
1289 3678 1291 3681 .

318 3759 510 3822 Fesoennina
533 3775 591 3839 per
609 3757 694 3819 buno
714 3755 842 3818 iuventa
860 3752 988 3818 liuentia
1007 3764 1126 3815 morem

324 3879 472 3944 Versibus
492 3879 621 3943 alternis
639 3877 809 3961 opprobria
828 3878 944 3941 ruelloa
964 3877 1068 3949 ludit3

316 4003 518 4083 ubertasque
535 4009 735 4066 recurrentes
755 4007 886 4082 arrepto
905 4017 964 4081 per
983 4017 1081 4062 annos

317 4127 404 4190 Lusit
424 4127 608 4202 amabiliter,
631 4127 731 4189 donee
752 4127 814 4188 iam
833 4143 944 4189 saevus
965 4130 1105 4204 apertam

318 4253 354 4314 ln
370 4250 493 4319 rabiem
513 4252 617 4331 eoepit
633 4251 715 4316 vorti
736 4252 840 4325 ieeur,
863 4253 894 4310 et
915 4261 973 4327 per
990 4244 1137 4309 honestas

319 4371 499 4440 lredumua
519 4373 646 4458 impune
667 4374 784 4437 minax.
825 4371 962 4436 uouere
981 4375 1111 4434 cruento
1144 4387 1146 4396 ’
