3250 5136
302 413 351 468 00
676 413 910 474 0000010001
928 395 1107 472 (010000

397 564 544 625 Anctucr.
563 571 632 641 post
653 565 735 624 Gom.
757 565 847 642 Grnp.
870 580 903 641 p.
918 560 985 622 888.
1001 562 1028 622 b.
1051 561 1091 620 cd
1110 561 1186 620 Hor.
1208 557 1371 620 011118.

299 717 346 777 71.
375 719 502 791 „Liber
529 720 641 783 Lucilii
666 721 807 782 decimus
834 725 940 783 sextus
965 719 1092 801 Collyra
1121 717 1302 780 inscribitur
1326 736 1364 778 eo
1390 715 1489 798 quod

376 834 415 895 de
436 835 564 918 Collyra
584 835 686 898 amica
706 854 764 896 sua
784 836 921 917 scriptus
944 834 1014 896 sit.”

352 1001 357 1018 .
450 948 524 1029 (sed
544 969 602 1032 pro
622 950 737 1014 Lucilii
756 949 892 1012 1011111.
913 955 1009 1012 veti:
1038 949 1125 1009 Lucii
1146 957 1246 1010 sennes
1270 948 1420 1018 decimos,
1449 954 1489 1008 et

375 1065 407 1124 in
430 1063 515 1126 Edit.
537 1065 694 1128 Fabricii:
716 1069 761 1126 ito
784 1066 860 1126 iiber
884 1083 946 1126 eeu.
971 1065 1057 1125 Decii
1079 1064 1202 1141 Collyra
1221 1063 1412 1124 inscribitur.
1448 1065 1486 1122 et

375 1179 430 1240 cir.
452 1180 603 1242 Priscian.
628 1180 684 1240 111.
706 1181 735 1242 2.
757 1201 789 1261 p.
806 1181 871 1241 108.
895 1180 954 1242 Ed.
979 1176 1096 1240 Krehl:
1118 1178 1255 1240 Lucilius
1274 1179 1308 1238 in
1328 1177 1416 1238 XVI.
1437 1178 1486 1238 oct

375 1296 528 1356 Fundinin
550 1295 606 1355 ubi
630 1294 718 1359 solus
740 1294 819 1356 Cod.
843 1293 992 1356 Heidelb.
1016 1292 1073 1356 lib.
1087 1291 1169 1353 xlv.
1190 1294 1322 1365 tuetur.)

641 1473 739 1533 Scboi.
764 1474 805 1532 nit
826 1473 900 1530 lior.
926 1472 956 1532 S.
973 1472 1017 1530 ll.
1038 1472 1129 1530 1.17.
1171 1563 1174 1569 1

299 1609 347 1671 78.
374 1609 412 1672 ut
433 1609 575 1672 Lucilius
595 1609 736 1692 Scipioni
755 1610 847 1684 lecit,
867 1609 921 1692 001
934 1609 1029 1672 vitam
1044 1609 1111 1672 eius
1127 1609 1282 1691 privatam
1296 1609 1482 1691 descripsit,

374 1725 494 1787 Ennius
518 1743 593 1787 vero
613 1726 711 1788 bella.

582 1907 701 1966 Marius
723 1907 898 1966 Victorinus
919 1923 952 1983 p.
967 1905 1053 1964 unte.
1077 1905 1134 1964 Eri.
1156 1909 1193 1964 P.

298 2044 346 2101 79.
375 2042 507 2105 Videtur
520 2043 665 2125 plurimis
686 2062 757 2105 esse
772 2044 899 2125 quintus
914 2042 1128 2105 communium
1142 2042 1336 2136 syllabarum
1350 2041 1482 2116 modus,

374 2159 427 2240 qui
451 2158 536 2239 apud
561 2159 716 2220 Lucilium
749 2165 781 2220 et
806 2164 928 2220 veteres
957 2159 1073 2220 multos
1103 2163 1151 2219 eet
1179 2155 1412 2240 frequentatus,
1446 2164 1483 2220 ut
1607 2209 1608 2216 ,

370 2278 516 2353 correpta
528 2273 648 2334 vocalis
671 2272 796 2335 desinat
814 2273 847 2332 in
862 2291 877 2332 s
892 2278 923 2334 01
945 2274 1121 2354 excipiatur
1145 2273 1185 2334 ab
1207 2272 1270 2334 alia
1284 2273 1477 2335 consonanti

372 2386 421 2448 vel
444 2387 549 2448 vocali
570 2387 643 2447 loco
665 2384 869 2449 consonantis
891 2385 1006 2467 posita.

618 2565 701 2624 Beda
720 2565 755 2626 dc
776 2564 862 2625 Ortb.
884 2582 915 2644 p.
931 2563 1016 2624 1575.
1041 2564 1098 2624 Ed.
1124 2565 1157 2624 P.

294 2703 342 2764 80.
373 2704 584 2766 Fortunatus:
616 2705 757 2765 Vincenti
782 2703 951 2782 Hispaniae
978 2706 1077 2784 serpit
1100 2703 1137 2763 ob
1159 2722 1228 2766 arce
1247 2706 1345 2766 (10000.
1382 2705 1481 2767 Cuius

372 2819 498 2880 scansio
522 2836 632 2882 versus
657 2837 729 2899 pars
755 2824 802 2880 cst
827 2816 980 2897 praelati,
1008 2818 1069 2880 nisi
1092 2819 1173 2880 torte
1201 2820 1344 2902 regulam
1363 2820 1480 2882 Lucilii

371 2933 472 2994 secuti
497 2939 585 3004 sunt,
618 2934 671 3014 001
696 2932 848 2993 Lucilium
869 2937 900 2994 et
919 2933 1085 2994 Aemilium
1105 2939 1165 2995 etc.
1188 2934 1333 3004 nomina,
1363 2954 1446 3016 0000
1471 2936 1480 2994 1

373 3055 445 3108 ante
466 3067 486 3106 n
507 3045 644 3116 babent,
665 3063 731 3106 non
751 3045 853 3106 solum
874 3045 908 3108 in
928 3047 1071 3107 vocativo
1092 3048 1149 3109 sed
1174 3047 1269 3110 etiam
1289 3049 1322 3109 in
1341 3047 1480 3129 'genitivo

373 3178 448 3219 casu
472 3178 528 3240 per
552 3179 648 3222 unum
669 3163 682 3219 i
701 3160 796 3221 scribi
818 3180 913 3243 posse
935 3162 1134 3223 existimavit.

665 3340 780 3399 Terent.
804 3339 948 3401 Securus.
972 3357 1003 3418 p.
1026 3339 1112 3399 teau.

294 3477 342 3536 81.
370 3475 510 3538 Lucilius
535 3477 566 3538 in
594 3475 647 3538 lX.
674 3475 842 3540 satirarum
868 3477 908 3538 de
939 3477 1166 3560 orthographia
1194 3479 1394 3560 praecipiens
1416 3488 1478 3542 010.

687 3657 792 3717 Velius
814 3656 945 3738 Lcnpns.
964 3656 1098 3734 01111.

295 3791 344 3850 82³..
373 3791 465 3872 Apud
491 3792 648 3854 Lucilium
672 3793 703 3854 in
725 3813 828 3867 0000,
852 3794 883 3857 10
907 3813 971 3878 000
996 3793 1036 3854 (10
1056 3791 1167 3854 litteris
1190 3793 1338 3875 disputat.

636 3973 708 4032 Arci.
733 3972 809 4032 Geli.
832 3973 869 4032 N.
886 3973 924 4029 A.
948 3969 1128 4031 ((11.018.

296 4107 344 4168 83.
373 4108 445 4168 'liro
468 4106 601 4180 Tullius,
623 4109 665 4170 M.
689 4108 851 4171 Ciceronis
878 4107 1026 4179 libertus,
1060 4115 1145 4170 00010
1169 4110 1286 4193 100011,
1318 4111 1377 4172 hoc
1402 4113 1476 4174 vitio

372 4224 425 4286 dot
455 4221 596 4288 Lucilius
620 4231 734 4306 poetae
767 4221 929 4302 Euripidi,
961 4223 1049 4304 quod
1076 4243 1148 4288 cum
1177 4223 1391 4316 Polyphontes
1420 4247 1477 4288 rex

373 4343 540 4419 propterea
562 4358 595 4400 sc
617 4338 812 4400 interfecisse
832 4337 961 4398 fratrem
985 4337 1121 4412 diceret,
1148 4341 1232 4421 quod
1255 4340 1323 4420 ipse
1344 4347 1416 4403 ante
1438 4339 1478 4402 d·

1602 1021 1604 1096 1
