3242 5138
503 435 553 494 nn
565 393 753 495 ¹recusatus
771 433 993 512 cucumula.
1250 453 1348 498 mvn

150 583 360 665 loquebantur
371 601 381 654 3
405 583 515 648 aetatis
534 582 617 644 illim
635 583 695 644 ista
716 583 777 646 tuit
797 585 881 657 lans,
904 590 1053 663 tanquam
1071 579 1281 659 innocentiae,
1303 584 1348 646 sic

150 707 259 768 iatine
277 703 459 784 loquendi.”
490 703 597 782 Quid?
616 703 700 783 quod
712 705 852 766 Terentii
871 704 997 767 fabulae
1016 710 1149 784 propter
1159 705 1346 785 elegantiam

151 828 303 892 sermonis
330 844 348 887 a
374 827 407 888 C
432 826 536 891 Laelio
563 825 659 888 scribi
690 825 907 905 pumbmturt
944 826 1034 905 Quae
1064 827 1166 890 omnia
1195 827 1347 891 eiusmodi

152 957 242 1025 sunt,
274 957 309 1014 ut
336 949 459 1012 boetius
488 948 542 1008 illo
567 947 727 1010 Ciceronis
754 949 826 1021 loco
858 949 928 1012 iure
951 965 1007 1011 suo
1026 950 1260 1012 commemorari
1284 949 1344 1030 po-

153 1072 256 1134 tuisse·
274 1070 428 1133 videatur.
470 1069 616 1145 Accedit,
648 1071 730 1150 quod
760 1069 845 1152 apud
873 1071 1057 1134 Ciceronem
1085 1073 1281 1151 praenomini
1305 1071 1341 1134 b.

152 1196 255 1261 nullus
274 1195 360 1258 locus
380 1194 493 1268 tuerit,
514 1191 598 1273 quod
620 1194 645 1255 si
669 1211 731 1254 non
753 1195 962 1274 antepositum
980 1193 1060 1269 tuit,
1079 1211 1121 1257 ne
1139 1193 1344 1274 probabiliter

153 1316 277 1396 quidem
303 1317 435 1378 Laelios·
450 1333 508 1396 pro
527 1317 631 1379 Aelios
651 1332 669 1377 a
688 1316 824 1378 librariis
843 1316 938 1378 scribi
962 1316 1073 1396 potuit.
1114 1315 1219 1393 Quare
1237 1315 1344 1381 nescio

152 1453 192 1499 an
216 1445 248 1498 et
274 1437 410 1500 Orellius
438 1445 558 1501 temere
586 1438 714 1513 iecerit,
746 1439 800 1518 qui
827 1437 910 1518 Opp.
932 1437 996 1500 Cic.
1016 1437 1085 1500 Vol.
1109 1438 1148 1500 ll.
1169 1435 1285 1516 pllio.
1310 1445 1343 1499 et

153 1559 264 1622 Ouum.
286 1578 317 1622 v.
335 1555 462 1634 'Lqeltoe
483 1578 540 1640 pro
566 1561 671 1622 Laelio
690 1562 724 1620 L.
740 1559 827 1620 Aelio
854 1558 1039 1638 reposuerit.
1069 1557 1128 1620 cir.
1149 1557 1283 1620 Ellendt.
1302 1558 1344 1619 ad

153 1684 218 1744 Cic.
239 1682 279 1744 de
299 1683 355 1746 Or.
371 1684 408 1744 ll.
423 1682 471 1744 62.
487 1683 555 1744 iot.
596 1681 657 1744 Sed
678 1682 761 1761 quod
780 1682 848 1744 iere
868 1680 919 1764 iit,
942 1687 979 1742 ut
997 1688 1078 1760 quae
1095 1680 1222 1743 inventa
1242 1679 1344 1742 borni·

151 1821 227 1866 num
248 1803 413 1866 doctorum
438 1819 597 1889 assensum
622 1804 778 1876 tulerunt,
805 1817 842 1863 ea
866 1801 907 1868 ab
930 1801 998 1863 aliis
1022 1803 1066 1863 ita
1088 1802 1288 1865 celebrentur
1308 1810 1343 1864 ut

150 1925 211 1986 alia
224 1933 318 2004 atque
331 1925 391 1986 alia
406 1922 592 1986 cumulando
608 1922 656 1985 rei
674 1921 926 2002 probabilitatem
940 1923 1028 1986 novis
1040 1941 1139 2004 usqne
1152 1924 1343 2005 argumentis

150 2045 336 2108 confirmare
349 2045 511 2119 studeant,
532 2045 565 2106 id
586 2053 617 2107 et
637 2044 676 2106 ab
692 2045 753 2105 ran
774 2043 910 2128 Heusdio
930 2051 962 2106 et
981 2045 1021 2106 ab
1035 2045 1102 2108 aliis
1121 2045 1249 2108 iactum.
1280 2048 1342 2108 lta·

150 2185 213 2247 que
233 2173 266 2228 et
285 2165 369 2246 apud
389 2166 570 2228 Ciceronem
589 2166 623 2226 in
642 2143 777 2228 oratore
796 2183 827 2230 c.
841 2165 891 2229 69.
911 2167 948 2229 t.
962 2167 1051 2230 Aelio
1070 2185 1128 2246 pro
1147 2168 1251 2230 Laelio
1270 2186 1341 2230 cor-

148 2295 318 2364 rexerunt,
340 2294 375 2349 nt
388 2291 422 2350 L.
437 2287 565 2350 Caelius·
572 2287 737 2367 Antipater
750 2300 838 2350 suam
852 2288 1012 2350 historiam
1032 2292 1066 2352 L.
1080 2289 1167 2352 Aello
1180 2289 1341 2354 dedicasse

149 2411 304 2486 videatur,
325 2410 471 2490 idemque
491 2427 604 2472 nomen
625 2409 708 2489 apud
729 2409 864 2472 Plinium
879 2411 917 2472 N.
939 2411 975 2472 ll.
996 2411 1077 2472 XIV.
1095 2411 1142 2474 lt.
1163 2411 1226 2491 (lt)
1245 2429 1341 2492 repo-

150 2534 243 2600 situm
263 2539 331 2596 esse
349 2535 526 2606 voluerunt.
548 2532 605 2596 cir.
621 2531 690 2594 Van
710 2532 854 2596 lleusde:
877 2532 1056 2612 Disquisitio
1070 2531 1110 2596 de
1121 2533 1210 2597 Aelio
1223 2533 1340 2596 Stilone

150 2674 184 2736 p.
199 2657 249 2719 57.
263 2655 312 2718 te.
344 2657 409 2717 Nae
428 2656 474 2716 illi
493 2653 635 2716 homines
655 2651 787 2715 multum
811 2651 1022 2732 intelligendo
1039 2653 1175 2729 iaciunt,
1204 2661 1240 2718 ut
1264 2653 1342 2716 nibil

151 2777 342 2855 intelligant.
796 2771 798 2774 ’

164 2937 167 2947 ·
228 2901 392 2960 Caeterum
404 2898 596 2979 optimarum
611 2899 747 2980 partium
765 2900 799 2961 in
819 2897 981 2981 republica
994 2897 1115 2962 Aelium
1135 2897 1247 2974 inisse,
1269 2915 1340 2964 cum

150 3039 190 3084 ex
213 3037 251 3082 eo
271 3021 375 3101 colligi
397 3039 487 3101 posse
508 3022 662 3098 videatur,
695 3021 778 3102 quod
796 3024 850 3103 qui
872 3017 955 3085 illius
975 3039 1070 3103 opera
1096 3007 1341 3085 lucrationibus

150 3142 323 3206 scribendis
342 3144 478 3217 usisunt
491 3144 530 3223 Q.
546 3145 694 3208 Servilius
708 3145 822 3226 Caepio
833 3163 848 3220 ,’
864 3147 897 3207 C.
912 3145 1057 3208 Aurelius
1069 3146 1174 3219 Cotta,
1195 3143 1234 3222 Q.
1250 3145 1341 3206 Pom-

149 3265 366 3345 peitrslluium
388 3271 421 3327 et
432 3266 491 3345 ipsi
509 3265 549 3329 ab
561 3247 757 3346 optimatium
776 3266 918 3347 partibus
931 3272 1103 3338 steterunt,
1123 3273 1189 3328 tum
1210 3283 1247 3328 eo
1262 3283 1339 3326 con·
1408 3293 1411 3306 v

147 3385 305 3463 firmatur,
335 3387 419 3466 quod
437 3387 490 3448 ille
515 3389 673 3450 Metellum
693 3387 890 3466 Numidicum
913 3388 948 3454 iu
972 3387 1115 3451 exsilium
1136 3394 1262 3452 secutus
1280 3393 1339 3450 est.

149 3507 253 3586 Quare
267 3509 376 3572 Cicero
395 3509 495 3589 (lirut.
511 3509 575 3588 lit.)
598 3527 670 3572 eum
683 3509 786 3572 virum
800 3509 960 3595 egregium
974 3516 1006 3570 et
1020 3507 1156 3586 equitem
1169 3509 1341 3569 Romanum

149 3615 341 3710 cumprimis
361 3629 528 3693 honestum
543 3613 691 3713 appellat.
716 3634 780 3694 lam
794 3630 962 3694 cumidem
976 3647 995 3692 a
1008 3631 1158 3692 Cicerone
1172 3628 1344 3692 eruditissi-

151 3765 221 3810 mus
233 3757 267 3810 et
278 3751 404 3816 Graecis
417 3753 530 3819 litteris
552 3762 585 3818 et
603 3753 737 3828 Latinis,
759 3761 792 3816 et
813 3752 1006 3833 antiquitatis
1024 3754 1182 3814 Romanae
1201 3757 1233 3813 et
1250 3750 1284 3822 in
1295 3751 1344 3814 in·

147 3871 251 3932 ventis
264 3873 358 3935 rebus
371 3883 403 3936 ot
415 3877 446 3938 iu
461 3877 539 3940 actis
554 3877 679 3940 literate
694 3875 814 3956 peritus
833 3883 865 3938 et
883 3876 924 3936 ab
944 3875 1022 3937 Ardo
1036 3874 1135 3936 Gellio
1149 3872 1344 3936 doctissimus

148 4000 226 4055 tnnc
240 3975 375 4057 civitatis
394 3997 485 4060 bomo
499 4005 536 4060 ot
552 3997 778 4061 eruditissimus
798 3997 893 4059 tuisse
914 3995 1047 4069 dicatur,
1070 3993 1186 4074 quippe
1200 4013 1292 4074 quem
1313 4004 1345 4056 et

147 4115 249 4177 Varro
270 4123 431 4179 auctorem
445 4125 483 4179 et
502 4121 615 4182 ducem
638 4121 671 4181 io
694 4119 920 4199 litymologices
941 4121 973 4180 et
994 4117 1220 4179 Grammaticos
1243 4115 1345 4180 studio

147 4245 279 4300 secutus
291 4239 343 4314 sit,
359 4245 392 4301 et
404 4240 472 4320 ipse
486 4243 592 4304 Cicero
606 4242 788 4307 adolescens
801 4241 962 4304 doctorem
976 4239 1173 4320 eloquentiae
1186 4237 1343 4311 babuerit,

151 4366 184 4421 et
202 4361 399 4440 perstudiose
414 4361 524 4424 audire
537 4365 644 4426 solitus
664 4365 722 4439 sit,
743 4364 805 4426 boc
825 4381 882 4444 pro
900 4369 990 4454 certo
1010 4364 1085 4444 poni
1103 4378 1194 4443 posse
1210 4359 1345 4433 videtur,
