3242 5138
613 499 663 557 DE
687 498 718 556 C.
734 497 873 558 LUCILII
892 499 994 556 VITA.
1387 521 1404 557 v

209 647 375 726 intelliget.
397 644 459 706 Sed
471 653 506 706 ut
517 644 631 722 iualiis
644 646 785 724 plurimis
798 646 841 705 ita
859 644 891 706 in
911 643 971 706 hac
984 661 1019 706 re
1041 627 1156 706 Heusd.
1174 648 1299 730 egregIe
1318 647 1402 710 talli-

209 779 270 832 tur.
311 770 450 830 Primum
468 767 564 846 igitur
583 769 720 830 culmum
734 767 919 828 auctoritate
934 767 1119 846 optimorum
1132 767 1283 830 librorum
1297 787 1403 830 emen-

210 893 347 953 dandum
361 911 369 963 ;
388 907 445 969 pro
459 891 547 949 nuris
561 889 644 967 quod
657 890 690 948 in
704 888 792 962 libris
804 890 930 968 legitur,
951 890 1027 963 fuit,
1050 893 1103 969 qui
1116 895 1202 954 uarie
1216 893 1398 972 corrigeret,

207 1017 328 1075 Catulli
345 1014 529 1075 auctoritate
556 1013 670 1090 (Carru.
692 1012 742 1090 68)
768 1013 801 1074 in
824 1029 963 1084 errorem
989 1013 1146 1075 inductus.
1200 1015 1331 1093 Propius
1359 1015 1399 1076 ad

207 1136 368 1198 veritatem
390 1135 557 1216 accesserit
577 1135 670 1196 lectio
694 1136 786 1206 decri,
808 1136 834 1196 si
853 1135 946 1196 metri
965 1135 1046 1196 ratio
1073 1134 1181 1205 terret.
1223 1139 1276 1199 llis
1302 1139 1399 1218 igitur

207 1260 323 1322 omissis
352 1265 435 1322 totus
461 1255 514 1318 hic
539 1271 647 1318 versus
669 1257 713 1318 uil
739 1255 822 1318 aliud
856 1257 914 1318 nisi
948 1263 1068 1318 aestum
1097 1255 1224 1321 irarum·
1240 1258 1396 1336 exprimit.

206 1381 268 1442 utsi
290 1380 372 1442 enlm
392 1387 478 1454 suut,
501 1380 555 1458 qui
573 1385 731 1440 statuant:
754 1380 877 1440 educere
892 1380 1110 1440 auirrruruesse
1130 1379 1198 1444 iere
1217 1379 1302 1442 idem
1315 1380 1398 1458 quod

204 1505 340 1564 animam
361 1502 516 1572 exlectore
538 1502 705 1580 exspirare,
729 1498 845 1584 dende
866 1498 1064 1578 ἀποπνέειν,
1085 1499 1210 1584 ψυχὴν
1235 1501 1396 1575 inurerer,

204 1624 279 1704 βίον
305 1615 518 1707 ἀποψνχεῖν,
547 1630 650 1710 tamen
676 1623 773 1684 verba
796 1625 944 1687 Varronis
963 1627 999 1686 R.
1021 1626 1124 1686 R.·ll.·
1140 1626 1169 1684 5.
1192 1625 1222 1684 5.
1252 1625 1397 1703 spiritum

204 1743 333 1808 nuribus
348 1747 461 1808 *ducrere
482 1747 601 1812 collatis
621 1746 719 1810 Persii
743 1745 869 1808 verbis:
898 1749 947 1806 irc
975 1747 1066 1808 cadat
1089 1763 1165 1808 uoto
1185 1745 1216 1807 S'.
1232 1747 1270 1808 V.
1285 1762 1329 1806 vs.
1344 1745 1394 1808 tt.
1431 1794 1434 1808 .

204 1876 236 1928 et
250 1868 397 1930 Martialis
417 1861 533 1948 (Epigr.
550 1870 602 1930 Vl.
618 1868 681 1943 dl.)
702 1869 813 1928 rubido
824 1885 878 1932 uec
889 1869 1028 1945 perditae
1041 1885 1091 1928 ore
1104 1867 1274 1946 fumantem
1285 1885 1395 1928 nuatum

204 1994 268 2052 viui
297 1991 459 2052 tentaveris
478 1992 570 2050 ursi”
598 1991 672 2052 satis
692 1990 914 2068 comprobant,
941 1989 1098 2050 hominem
1125 1973 1394 2067 ex'imopuctore

203 2111 266 2172 iras
285 2109 474 2172 anhelanter
500 2105 645 2172 describi.
686 2112 809 2172 Nullum
829 2111 925 2190 igitur
945 2111 1052 2173 mortis
1072 2111 1245 2190 periculum
1273 2109 1393 2192 siguifi-

203 2241 303 2306 oatur,
325 2232 473 2294 uniusne
494 2232 641 2312 cogitatio
655 2232 781 2311 quidem
803 2233 864 2293 civi
882 2236 1037 2307 Romano,
1061 2235 1164 2312 legem
1184 2233 1318 2310 aliquam
1335 2233 1394 2292 im·

200 2339 371 2434 pugnanti,
400 2355 433 2414 iu
446 2361 592 2442 „mentem
612 2354 719 2415 venire
749 2360 882 2434 poterat.
925 2358 1092 2419 Praeterea
1113 2355 1166 2416 vix
1185 2355 1248 2416 ulla
1268 2355 1323 2416 lex·
1339 2355 1390 2415 iu-

201 2477 354 2550 venilium,
377 2493 457 2556 quae
476 2494 495 2536 a
515 2493 569 2538 reu
589 2495 680 2538 saeua
699 2476 763 2537 dici
782 2493 845 2538 non
859 2478 975 2556 possit.
998 2479 1081 2538 iloc
1106 2476 1202 2558 igitur
1228 2475 1395 2556 epitheton·

201 2599 241 2661 ad
259 2599 357 2678 ipsius
375 2598 461 2677 legis
472 2599 662 2659 sententiam
678 2599 893 2660 illustrandam
914 2600 1070 2661 nil'ualet.
1106 2600 1306 2677 Quare'vana
1319 2605 1391 2660 suut

200 2723 321 2794 omnia,
343 2737 424 2799 quae
442 2720 575 2796 exlegis
595 2720 780 2799 Calpurniae
801 2721 1093 2781 commemoratione
1113 2721 1153 2782 ad
1172 2721 1282 2782 Lucilii
1305 2727 1390 2784 aeta-

200 2850 264 2902 tem
294 2838 542 2900 constituendam
572 2856 632 2900 rau
664 2837 818 2900 lleusdius
845 2840 983 2919 collegit
1034 2842 1079 2901 At
1105 2840 1207 2919 legem
1240 2841 1389 2902 licinium

200 2937 335 3024 Lucilius
355 2960 615 3030 commemoravit.
638 2961 696 3022 cfr.
720 2962 796 3024 Geli.
821 2963 856 3022 N.
874 2963 911 3024 A.
925 2962 1029 3022 tnui.
1046 2961 1093 3022 l0.
1119 2961 1299 3037 „Lucilius
1312 2981 1389 3041 quo·

199 3097 261 3164 que
291 3084 370 3164 legis
397 3082 485 3144 istius
514 3083 654 3144 meminit
677 3083 710 3144 iu
740 3081 790 3144 his
820 3082 946 3145 verbis:
979 3085 1072 3164 lepem
1097 3086 1225 3146 citemus
1255 3085 1388 3166 Licinii

198 3207 367 3285 Quaeritur
393 3223 454 3284 quo
482 3221 564 3265 anno
593 3212 700 3284 rogata
729 3205 859 3266 fueritis
876 3205 934 3266 cir.
963 3205 1099 3266 Macrob.
1125 3209 1249 3268 saturn.
1277 3207 1312 3266 ll.
1338 3207 1384 3267 lii.

198 3347 229 3408 p.
252 3328 321 3390 596.
350 3326 405 3388 Ed.
427 3329 459 3388 Ζ.
493 3333 594 3405 „post
619 3327 742 3388 Didiam
769 3327 887 3388 LieInia
916 3328 968 3388 lex
995 3329 1059 3388 lata
1088 3333 1136 3390 est
1164 3343 1182 3389 a
1211 3329 1246 3389 Ρ.
1267 3318 1386 3390 licinio

197 3453 304 3512 Crasso
332 3449 450 3522 Divite,
481 3449 569 3510 ouius
595 3449 747 3511 ferundae
771 3448 1015 3529 probandaeque
1040 3456 1162 3510 tautum
1188 3449 1325 3510 studium
1345 3450 1386 3509 ab

197 3571 397 3650 optimatibus
422 3565 597 3651 impensum
626 3579 689 3644 est,
718 3578 754 3632 ut
781 3571 922 3632 consulto
950 3575 1076 3631 senatus
1098 3567 1270 3644 iuberetun'
1292 3577 1328 3630 ut
1347 3587 1384 3632 ea

196 3693 408 3754 tantummodo
428 3694 633 3773 promulgata,
662 3693 842 3771 priusquam
861 3689 1042 3752 triuundiuo
1062 3689 1311 3765 confirmaretur,
1340 3693 1384 3753 ita

195 3812 236 3875 ab
258 3815 399 3891 omnibus
425 3807 656 3887 obseruaretur,
685 3813 772 3891 quasi
800 3813 862 3874 ium
885 3814 992 3892 populi
1016 3814 1170 3874 sententia
1190 3813 1381 3876 confirmata.

194 3936 246 3996 len
265 3951 341 3996 vero
365 3931 445 3998 haee
473 3915 728 4016 paucismutatis
754 3936 786 3994 in
816 3933 973 4014 plerisque
1001 3953 1072 3996 eum
1091 3935 1207 3996 Fannia
1226 3937 1380 4015 congruit.

194 4057 227 4116 in
254 4061 291 4118 'ea
320 4055 403 4116 enim
432 4056 565 4119 serenda
590 4056 729 4135 quaesita
754 4071 853 4118 novae
879 4056 958 4135 legis
979 4056 1163 4129 auctoritas,
1185 4057 1383 4118 exolescente

193 4185 279 4240 metu
298 4179 377 4260 legis
391 4178 603 4256 antiquioris.”
620 4208 659 4222 -·-
678 4178 739 4240 Sed
758 4179 838 4259 legis
860 4178 1140 4252 Liciniae‘sumnra
1162 4184 1197 4238 ut
1217 4176 1379 4253 Kalendis,
1398 4153 1400 4156 ⁵

193 4299 292 4372 nonis,
314 4299 463 4362 nundinis
481 4302 630 4367 Romanis·
646 4301 759 4380 cuique
778 4301 811 4361 in
831 4299 900 4364 dies
918 4301 1054 4380 singulos
1066 4300 1201 4379 'triginta
1229 4299 1381 4362 duntaxat

192 4436 276 4484 usses
304 4421 421 4485 edundi
447 4438 540 4484 causa
568 4439 749 4487 consumere
775 4422 905 4487 liceret:
935 4423 1047 4486 ceteris
1075 4440 1151 4484 vero
1173 4420 1298 4496 diebus,
1326 4420 1381 4498 qui
