3250 5136
293 437 344 492 ni
667 435 901 495 TESTIMONIA
918 433 1099 492 vnruuuu

370 604 441 646 nam
464 590 494 646 el
512 583 647 646 eruditio
667 585 700 644 in
715 602 754 644 eo
770 584 865 654 mira,
889 587 921 643 et
940 581 1089 654 libertas,
1110 585 1206 664 atque
1219 581 1295 644 inde
1310 581 1479 656 acerbitas,

370 703 401 760 et
421 699 616 762 abundantia
634 697 721 760 salis.
1264 700 1266 708 ’

527 841 669 901 Eiusdem
690 859 725 900 ex
745 841 798 900 lilr.
816 841 843 898 l.
866 857 932 918 cop.
948 840 977 900 8.
995 837 1041 898 lt).
1064 839 1143 898 lust.
1161 837 1246 899 Orat.

293 964 341 1024 32.
369 944 514 1045 Denique
535 962 701 1024 credamus
722 962 852 1023 summis
876 959 1073 1033 oratoribus,
1098 959 1153 1042 qui
1171 965 1312 1022 veterum
1331 967 1481 1041 poemata

369 1077 418 1139 vel
450 1076 490 1139 ad
519 1075 616 1138 fidem
648 1095 832 1150 eausamm,
870 1076 921 1138 vel
952 1075 993 1137 ad
1023 1081 1244 1136 ornamentum
1275 1074 1479 1156 eloquentiae

369 1198 542 1254 assumunt.
560 1192 639 1252 Nam
652 1191 825 1272 praecipue
840 1190 969 1272 quidem
984 1189 1070 1270 apud
1085 1189 1283 1261 Ciceronem,
1298 1188 1480 1271 frequenter

369 1314 474 1369 tamen
495 1305 580 1386 apud
600 1305 744 1366 Asinium
765 1305 877 1377 etiam,
907 1310 938 1364 et
958 1308 1120 1376 caeteros,
1150 1303 1204 1384 qui
1232 1308 1304 1364 sunt
1329 1302 1477 1383 proximi,

368 1421 503 1482 vidimus
528 1420 640 1492 Ennii,
669 1419 772 1491 Accii,
798 1418 943 1491 Pacuvii,
972 1418 1116 1490 Lucrnu,
1148 1417 1304 1490 Terentii,
1334 1418 1476 1491 Caecilii,

369 1541 400 1596 et
414 1535 549 1596 aliorum
563 1533 661 1594 inseri
675 1551 796 1602 versus,
818 1552 961 1594 summac
975 1551 1038 1594 non
1054 1531 1240 1594 eruditionis
1255 1532 1351 1593 modo
1366 1533 1479 1614 gratia,

369 1648 426 1708 sed
447 1647 541 1711 etiam
562 1648 747 1710 venustatis.

572 1803 619 1862 Es
638 1802 769 1882 Dieloyo
787 1804 823 1863 de
844 1802 1035 1864 Oratoribus.
1054 1823 1080 1863 c.
1096 1803 1143 1864 25.
1160 1804 1188 1863 9.

290 1923 339 1986 33.
367 1924 529 1985 Neminem
549 1923 739 1994 nominabo,
762 1943 862 2005 genus
875 1924 1040 1988 hominum
1054 1925 1198 2008 signasse
1212 1930 1399 1986 sententies:
1421 1925 1482 1988 sed

367 2038 459 2099 vohis
484 2039 593 2120 utique
618 2045 784 2114 versantur
810 2046 883 2100 ante
912 2039 1022 2101 oculos
1045 2038 1116 2114 isti,
1148 2040 1202 2122 qui
1232 2039 1390 2102 Lucrum!
1419 2059 1479 2121 pro

367 2153 516 2225 Horatio,
539 2159 572 2217 et
589 2153 773 2214 Lucretium
793 2171 852 2233 pro
872 2153 1006 2236 Virgilio
1026 2153 1152 2236 legunt,
1176 2160 1236 2216 ete.

607 2296 762 2355 luvenalis
783 2313 819 2354 ea
837 2295 901 2355 Set.
917 2297 944 2356 1.
966 2313 1009 2356 os.
1027 2295 1072 2356 l9.
1089 2313 1151 2375 sqq.

291 2417 338 2477 di.
369 2416 432 2478 Cur
450 2421 556 2477 tamen
577 2417 637 2478 hoe
659 2417 764 2498 potius
784 2415 884 2478 libeat
905 2416 1073 2478 decurrere
1094 2436 1222 2497 campo,

366 2533 426 2592 Per
445 2549 539 2614 quem
560 2550 692 2610 magnus
714 2549 813 2613 equos
834 2533 1002 2594 Auruncae
1022 2529 1110 2592 flexit
1131 2531 1295 2592 alumnus:

368 2645 527 2718 siverat,
550 2651 581 2706 et
601 2644 719 2726 placidi
738 2646 896 2707 rationem
917 2645 1098 2718 admittitis,
1121 2647 1225 2707 edam.

742 2794 781 2853 Et
798 2811 878 2854 moe.
901 2811 944 2854 vs.
962 2793 1028 2854 lid.

290 2915 339 2975 35.
365 2915 452 2975 Ense
475 2913 563 2974 velut
582 2915 709 2987 stricto,
737 2915 862 2995 quoties
883 2914 1033 2977 Luornrus
1056 2915 1170 2978 ardens

367 3025 548 3097 lnfremuit;
571 3026 664 3086 rubet
682 3026 825 3098 auditor,
850 3027 901 3088 cui
924 3027 1037 3109 frigida
1062 3048 1150 3089 mens
1172 3035 1218 3089 est

368 3139 577 3212 Criminibus,
605 3141 697 3201 tacita
718 3141 834 3236 sudant
853 3141 1041 3223 praecordia
1064 3145 1169 3225 culpa.

368 3253 446 3316 lnde
466 3254 533 3315 irae
556 3260 588 3315 et
607 3254 768 3317 lacrimae.
783 3289 817 3302 -
831 3290 865 3300 -

289 3401 415 3463 Asconii
444 3402 575 3462 Pedieui
600 3421 636 3462 ec
658 3403 859 3463 commentor.
880 3407 914 3464 iu
936 3403 1021 3465 Oroi.
1055 3405 1116 3465 Cic.
1140 3414 1244 3466 contro
1264 3405 1297 3465 L.
1319 3405 1471 3465 Pisonem.

735 3517 793 3578 Ed.
817 3519 900 3578 Boii.
925 3537 955 3596 p.
980 3519 1026 3579 ld.

288 3638 336 3700 36.
365 3639 445 3700 Cum
465 3639 523 3702 sub
546 3638 651 3710 Velia,
680 3639 734 3702 uhi
754 3657 839 3702 nune
861 3640 951 3703 aedis
972 3640 1131 3704 Victoriae
1158 3649 1221 3714 est,
1249 3642 1402 3724 populum
1432 3662 1474 3704 ex

366 3752 457 3834 lege,
485 3770 580 3834 quam
606 3752 676 3834 ipse
702 3751 819 3815 tulerat
845 3755 1056 3818 concessisse.
1086 3755 1244 3830 Tradunt,
1274 3762 1306 3818 et
1324 3757 1474 3818 Antiochi

364 3865 448 3948 regis
478 3867 544 3930 filio
576 3866 679 3930 obsidi
711 3867 840 3930 domum
873 3869 1002 3954 publice
1033 3869 1249 3944 aedificatam,
1280 3873 1362 3934 inter
1391 3890 1473 3953 quos

364 3981 485 4043 Atticus
506 3983 538 4043 in
553 3984 691 4058 Annale,
713 4003 795 4068 quae
816 3989 928 4066 postea
943 3983 1057 4046 dicitur
1076 3986 1200 4079 Locren
1220 3987 1339 4054 Poetae
1360 3986 1471 4048 fuisse.

287 4127 335 4189 Ca
359 4127 459 4189 Plinii
483 4129 613 4191 Maioris
636 4132 775 4209 Epistola
803 4133 845 4195 cd
870 4132 1092 4208 Vespasianum
1110 4135 1189 4212 Imp.
1212 4153 1242 4212 p.
1263 4135 1292 4196 le.
1316 4135 1373 4194 lici.
1394 4135 1469 4212 Rip.

287 4247 335 4310 87.
365 4249 427 4311 Nec
445 4250 637 4322 doctissimis.

361 4364 500 4424 Messium
523 4365 664 4428 Asisium
686 4371 758 4434 liceo
778 4371 873 4448 lesere
893 4372 982 4441 solo,
1005 4372 1121 4433 lulium
1142 4371 1279 4448 coequos
1297 4370 1365 4430 colo
1396 4390 1398 4402 ·
