3242 5138
272 459 364 500 urm
620 433 871 520 ltu-annsorus
890 432 1115 494 Lutatianis

271 589 368 670 igitur
385 585 508 647 mireris
532 599 595 646 uon
617 584 714 644 solum
741 581 941 662 Deeriugium
963 579 1134 644 sedetiam
1155 579 1306 642 OreHium
1326 579 1366 642 ad
1389 581 1462 643 Hor.

271 711 301 772 S.
318 710 385 772 1.8.
403 709 450 769 ll.
474 706 654 777 adnotasse,
676 706 901 768 Nomentanum
918 703 971 764 illo
983 709 1143 782 tempore,
1166 719 1227 780 quo
1242 701 1341 762 Satira
1355 709 1464 764 octava

270 831 342 892 libri
362 829 454 910 primi
476 828 651 908 conscripta
673 826 783 899 luerit,
806 825 899 886 etiam
927 824 959 885 in
985 823 1063 886 rivis
1089 823 1194 886 luisse.
1237 823 1298 901 Qui
1321 809 1404 886 enim
1429 825 1463 886 in

272 957 302 1013 S.
319 953 394 1014 VlH.
415 950 489 1012 libri
515 949 645 1012 secundi
667 950 750 1010 inter
776 946 964 1009 Maecenatis
988 945 1116 1008 umbras
1140 945 1460 1025 loquensinducitur,

270 1092 342 1136 oum
363 1091 381 1135 a
401 1072 498 1153 priori
516 1071 569 1132 illo
591 1086 702 1130 nomen
724 1068 849 1147 quidem
869 1066 1011 1140 duxisse,
1040 1067 1095 1129 sed
1124 1074 1188 1128 toto
1214 1068 1301 1129 coelo
1323 1085 1390 1130 essa
1411 1067 1462 1128 di-

269 1213 415 1267 vursum‚
436 1192 469 1254 id
493 1191 554 1254 alio
573 1193 641 1252 loco
662 1189 764 1252 docui.
807 1190 935 1267 Quaen
961 1205 996 1269 re
1026 1190 1118 1252 facile
1146 1207 1226 1252 unus
1246 1189 1376 1269 quisque
1403 1189 1462 1251 sibi

270 1314 473 1397 persuadeat,
496 1313 654 1374 Horatium
681 1313 778 1373 multo
803 1313 901 1391 magis
925 1329 942 1373 a
962 1314 1079 1374 Lucilio
1099 1311 1237 1392 pendere
1261 1314 1462 1393 quamvulgo

270 1444 418 1500 statuant.
459 1438 525 1498 Non
552 1436 632 1497 enim
660 1435 734 1496 satis
754 1432 866 1495 babuit
886 1433 1011 1496 easdem
1031 1452 1082 1506 res
1102 1441 1194 1514 atque
1218 1449 1366 1514 personas
1385 1435 1462 1494 atti·
1568 1425 1570 1430 ’

271 1560 368 1640 gisae,
390 1559 445 1622 sed
465 1559 579 1632 multa,
604 1573 685 1637 quae
706 1574 723 1618 a
742 1534 860 1618 Lucilio
880 1549 1032 1616 illustrata
1052 1555 1195 1628 luerunt,
1220 1558 1253 1616 in
1267 1573 1338 1618 suas
1351 1556 1461 1618 satiras

271 1679 446 1753 transtulit,
471 1686 505 1741 ut
524 1696 581 1760 pro
600 1679 682 1740 notis
703 1686 735 1740 et
755 1680 888 1757 vulgatis
901 1685 1054 1751 uteretur,
1077 1693 1156 1757 quae
1178 1695 1195 1738 a
1216 1677 1462 1741 Lucilio-memo-

269 1808 355 1878 rata,
377 1803 483 1884 populi
498 1801 607 1864 animis
627 1800 810 1864 haerebant.
847 1801 929 1878 Quin
942 1800 1004 1860 imo
1018 1800 1044 1860 si
1058 1799 1167 1860 Lucilii
1181 1799 1319 1860 carmina
1338 1800 1460 1881 integra

270 1932 404 1988 aetatem
428 1925 585 1998 tulissent,
614 1924 646 1982 in
672 1923 740 2002 ipso
765 1923 933 1984 verborum
960 1941 1018 1986 usu
1045 1939 1189 2003 magnam
1215 1921 1402 2002 deprensum
1421 1923 1461 1984 iri

268 2045 500 2107 similitudinem
528 2043 679 2104 existimo.
721 2042 810 2119 Quae
840 2046 943 2104 omnia
974 2061 1036 2104 non
1066 2046 1100 2104 in
1129 2061 1197 2106 eam
1227 2050 1348 2124 partem
1378 2044 1461 2106 dicta

269 2167 379 2242 vebm,
409 2173 445 2226 ut
465 2165 504 2227 de
524 2163 676 2226 Venusini
703 2170 813 2242 poetae
838 2163 1001 2252 laudibus,
1011 2163 1190 2236 detraham,
1216 2161 1288 2237 sed)
1316 2161 1351 2227 u't
1368 2183 1459 2246 quam

269 2297 355 2352 arcte
379 2289 541 2350 ‘Luciliana
568 2293 600 2349 ct
626 2287 793 2347 Horatiana
815 2287 916 2348 Satira
941 2285 1024 2348 inter
1049 2303 1082 2347 se
1105 2285 1231 2347 iunctae
1251 2285 1328 2359 sint,
1357 2289 1459 2348 mani-

268 2412 377 2474 festius
397 2411 568 2474 ostendam.
608 2407 711 2470 Verba
733 2407 815 2487 quod
836 2409 948 2470 attinet
966 2407 1147 2469 conteratur
1169 2410 1346 2472 Canusinus
1367 2413 1460 2475 bilin·

268 2501 337 2614 puis
359 2533 477 2594 Horatii
497 2549 568 2594 cum
593 2533 720 2592 Brutate
742 2531 874 2612 bilinpui
894 2529 1003 2612 Lucilii
1015 2551 1024 2603 ;
1053 2530 1161 2605 huius,
1187 2533 1294 2592 Valeri
1313 2536 1460 2596 sententia

267 2655 322 2716 dia
342 2672 413 2717 cum
437 2655 560 2716 Catonis
586 2655 734 2717 sententia
761 2654 814 2716 diu
835 2655 870 2715 Η.
887 2653 917 2714 S.
934 2654 957 2714 1.
974 2653 1068 2716 Ml.
1110 2653 1147 2714 lit
1170 2653 1314 2740 integros
1331 2653 1458 2734 quidem

268 2793 376 2840 versus
413 2795 452 2839 ex
486 2778 616 2840 aliorum
643 2784 806 2858 poetarum
835 2777 1024 2847 carminibus
1057 2784 1204 2858 tanquam
1236 2779 1459 2840 sententiarum

267 2901 383 2961 lumina
410 2905 442 2960 et
470 2900 617 2960 orationis
648 2906 831 2962 ornamenta
861 2899 924 2962 suis
952 2900 1142 2962 carminibus
1169 2901 1311 2960 intexere
1343 2909 1458 2978 eosque

267 3026 412 3099 repetere
441 3019 532 3083 etiam
560 3019 636 3080 alias
665 3018 759 3078 moris
785 3018 880 3080 luisse
907 2991 981 3080 satis
1007 3025 1138 3080 constat.
1179 3019 1249 3096 Quo
1273 3035 1312 3078 en
1333 3032 1459 3097 'genere

267 3129 398 3202 fortasse
417 3157 526 3201 versus
546 3147 594 3202 est
613 3139 653 3200 ab
674 3139 790 3201 Orellio
810 3139 973 3200 laudatus:
1000 3141 1114 3202 scilieet
1135 3141 1191 3200 uni
1210 3157 1323 3219 arquata
1352 3141 1461 3201 virtuti

267 3264 433 3343 alquerius
447 3262 566 3324 anticio.
598 3261 700 3323 Addat
718 3261 847 3341 aliquis:
871 3262 1017 3324 Pastillos
1035 3259 1170 3340 Rufillus
1186 3262 1261 3335 olel,
1285 3261 1459 3341 Garpom‘us

268 3384 386 3444 birrum
405 3388 435 3447 S.
452 3385 476 3445 l.
493 3385 521 3446 2.
538 3385 596 3457 lh
617 3386 641 3445 Ι.
656 3383 749 3446 aaa.
773 3384 1005 3457 „Pantolabum
1028 3401 1167 3444 scurram
1180 3383 1460 3464 Nomentanumque

267 3508 440 3586 nepotem,'’
462 3507 537 3570 alios
558 3525 635 3587 quos
654 3523 827 3569 memorare
848 3507 975 3586 longam
997 3513 1066 3580 est3
1087 3503 1190 3585 neque
1210 3523 1267 3586 pro
1285 3506 1379 3567 certis
1403 3523 1460 3586 po·

267 3628 370 3690 nanda
381 3635 463 3702 sunt,
482 3616 561 3708 quae
571 3630 665 3690 meris
679 3631 867 3692 coniecturis
880 3629 1091 3695 continentum
1112 3631 1146 3690 ln
1160 3629 1257 3709 ipsius
1271 3628 1457 3706 argumenti,

268 3749 350 3828 quod
380 3750 550 3810 satirarum
579 3750 679 3828 poetis
714 3751 780 3810 lere
810 3750 893 3811 idem
924 3768 991 3812 esse
1020 3751 1115 3826 solet,
1146 3750 1338 3831 expositione
1364 3757 1458 3828 atque

268 3871 467 3932 enarratione
489 3871 649 3932 Horatium
670 3871 831 3950 aliquoties
851 3873 981 3952 vestigia
1001 3873 1110 3934 Lucilii
1130 3887 1197 3935 esse
1217 3879 1374 3946 secutum,
1395 3872 1458 3932 iam

267 3993 386 4071 antiqui
399 3993 588 4054 scholiastae
603 4001 746 4056 auctores
762 3994 900 4057 luerunt.
934 3997 996 4057 lter
1013 3997 1109 4075 igitur
1130 3994 1358 4056 Brundusinam
1373 4011 1458 4055 com-

268 4115 400 4193 positum
421 4131 487 4177 esse
508 4115 637 4177 tradunt
656 4116 705 4177 ‘ad
726 4117 902 4196 exemplum
930 4116 1106 4178 tertlilibri
1126 4117 1251 4190 Lucilli,
1272 4116 1304 4176 in
1325 4131 1386 4194 quo
1405 4115 1458 4176 ille

266 4236 327 4296 iter
355 4235 395 4297 ad
424 4235 539 4298 fretum
566 4238 702 4300 siculum
730 4238 829 4300 fusius
857 4245 1068 4302 enarraverat.
1109 4241 1276 4300 Praeterea
1309 4235 1458 4316 quemad-

267 4358 393 4421 modum
412 4358 548 4424 bucilius
569 4359 609 4422 ad
628 4361 763 4422 villicum
785 4360 1006 4423 Aristocraten
1030 4361 1143 4424 librum
1164 4359 1324 4442 scripsisse
1344 4358 1456 4433 fertur,
