<?xml version="1.0" encoding="UTF-8"?>
<!DOCTYPE html PUBLIC "-//W3C//DTD XHTML 1.0 Transitional//EN"
    "http://www.w3.org/TR/xhtml1/DTD/xhtml1-transitional.dtd">
<html xmlns="http://www.w3.org/1999/xhtml" xml:lang="en" lang="en">
 <head>
  <title>
</title>
<meta http-equiv="Content-Type" content="text/html;charset=utf-8" />
  <meta name='ocr-system' content='tesseract 3.04.00' />
  <meta name='ocr-capabilities' content='ocr_page ocr_carea ocr_par ocr_line ocrx_word'/>
</head>
<body>
  <div class='ocr_page' id='page_1' title='image "./cluciliisaturar00lucigoog_0150.png"; bbox 0 0 3290 5130; ppageno 0'>
   <div class='ocr_carea' id='block_1_1' title="bbox 541 453 1349 518">
    <p class='ocr_par' dir='ltr' id='par_1_1' title="bbox 541 453 1349 518">
     <span class='ocr_line' id='line_1_1' title="bbox 541 453 1349 518; baseline 0.01 -8"><span class='ocrx_word' id='word_1_1' title='bbox 541 453 590 511; x_wconf 85' lang='lat' dir='ltr'><strong>DE</strong></span> <span class='ocrx_word' id='word_1_2' title='bbox 613 453 810 514; x_wconf 78' lang='lat' dir='ltr'><strong>onarlonn</strong></span> <span class='ocrx_word' id='word_1_3' title='bbox 830 455 979 516; x_wconf 77' lang='lat' dir='ltr'><strong>Lucilli.</strong></span> <span class='ocrx_word' id='word_1_4' title='bbox 1280 479 1349 518; x_wconf 83' lang='lat' dir='ltr'><strong>cm</strong></span> 
     </span>
    </p>
   </div>
   <div class='ocr_carea' id='block_1_2' title="bbox 154 601 1349 1666">
    <p class='ocr_par' dir='ltr' id='par_1_2' title="bbox 156 601 1349 1416">
     <span class='ocr_line' id='line_1_2' title="bbox 160 601 1349 682; baseline 0.007 -18"><span class='ocrx_word' id='word_1_5' title='bbox 160 603 294 682; x_wconf 80' lang='lat' dir='ltr'><strong>aliquem</strong></span> <span class='ocrx_word' id='word_1_6' title='bbox 314 601 425 674; x_wconf 87' lang='lat' dir='ltr'><strong>alicui,</strong></span> <span class='ocrx_word' id='word_1_7' title='bbox 453 601 593 680; x_wconf 81' lang='lat' dir='ltr'><strong>impertit</strong></span> <span class='ocrx_word' id='word_1_8' title='bbox 610 601 741 664; x_wconf 89' lang='lat' dir='ltr'><strong>salutem</strong></span> <span class='ocrx_word' id='word_1_9' title='bbox 761 601 942 681; x_wconf 88' lang='lat' dir='ltr'><strong>plurimam,</strong></span> <span class='ocrx_word' id='word_1_10' title='bbox 968 605 1067 666; x_wconf 85' lang='lat' dir='ltr'><strong>salute</strong></span> <span class='ocrx_word' id='word_1_11' title='bbox 1092 604 1184 668; x_wconf 83' lang='lat' dir='ltr'><strong>iactis</strong></span> <span class='ocrx_word' id='word_1_12' title='bbox 1207 607 1349 672; x_wconf 89' lang='lat' dir='ltr'><strong>versibus</strong></span> 
     </span>
     <span class='ocr_line' id='line_1_3' title="bbox 156 724 1348 806; baseline 0.003 -20"><span class='ocrx_word' id='word_1_13' title='bbox 156 727 315 806; x_wconf 85' lang='lat' dir='ltr'><strong>impertit,</strong></span> <span class='ocrx_word' id='word_1_14' title='bbox 336 742 407 786; x_wconf 87' lang='lat' dir='ltr'><strong>cum</strong></span> <span class='ocrx_word' id='word_1_15' title='bbox 428 741 477 786; x_wconf 84' lang='lat' dir='ltr'><strong>me</strong></span> <span class='ocrx_word' id='word_1_16' title='bbox 498 724 652 803; x_wconf 86' lang='lat' dir='ltr'><strong>ruperim,</strong></span> <span class='ocrx_word' id='word_1_17' title='bbox 672 741 790 786; x_wconf 87' lang='lat' dir='ltr'><strong>summa</strong></span> <span class='ocrx_word' id='word_1_18' title='bbox 812 726 913 786; x_wconf 89' lang='lat' dir='ltr'><strong>omnia</strong></span> <span class='ocrx_word' id='word_1_19' title='bbox 934 726 1078 802; x_wconf 79' lang='lat' dir='ltr'><strong>fecerim,</strong></span> <span class='ocrx_word' id='word_1_20' title='bbox 1100 727 1203 790; x_wconf 90' lang='lat' dir='ltr'><strong>omnia</strong></span> <span class='ocrx_word' id='word_1_21' title='bbox 1222 729 1348 800; x_wconf 80' lang='lat' dir='ltr'><strong>viscatis</strong></span> 
     </span>
     <span class='ocr_line' id='line_1_4' title="bbox 157 846 1347 940; baseline 0.003 -30"><span class='ocrx_word' id='word_1_22' title='bbox 157 847 302 910; x_wconf 82' lang='lat' dir='ltr'><strong>manibus</strong></span> <span class='ocrx_word' id='word_1_23' title='bbox 325 848 425 926; x_wconf 77' lang='lat' dir='ltr'><strong>leget,</strong></span> <span class='ocrx_word' id='word_1_24' title='bbox 450 846 535 911; x_wconf 89' lang='lat' dir='ltr'><strong>nullo</strong></span> <span class='ocrx_word' id='word_1_25' title='bbox 554 847 673 908; x_wconf 88' lang='lat' dir='ltr'><strong>honore</strong></span> <span class='ocrx_word' id='word_1_26' title='bbox 695 846 857 927; x_wconf 84' lang='lat' dir='ltr'><strong>displetus,</strong></span> <span class='ocrx_word' id='word_1_27' title='bbox 881 848 965 940; x_wconf 83' lang='lat' dir='ltr'><strong>nullo</strong></span> <span class='ocrx_word' id='word_1_28' title='bbox 986 848 1115 924; x_wconf 83' lang='lat' dir='ltr'><strong>funere,</strong></span> <span class='ocrx_word' id='word_1_29' title='bbox 1139 869 1177 914; x_wconf 84' lang='lat' dir='ltr'><strong>ex</strong></span> <span class='ocrx_word' id='word_1_30' title='bbox 1198 868 1347 914; x_wconf 75' lang='lat' dir='ltr'><strong>amumna</strong></span> 
     </span>
     <span class='ocr_line' id='line_1_5' title="bbox 160 968 1347 1049; baseline 0.003 -16"><span class='ocrx_word' id='word_1_31' title='bbox 160 971 262 1046; x_wconf 69' lang='lat' dir='ltr'><strong>orire,</strong></span> <span class='ocrx_word' id='word_1_32' title='bbox 292 970 485 1032; x_wconf 88' lang='lat' dir='ltr'><strong>subsecivam</strong></span> <span class='ocrx_word' id='word_1_33' title='bbox 508 971 533 1030; x_wconf 92' lang='lat' dir='ltr'><strong>si</strong></span> <span class='ocrx_word' id='word_1_34' title='bbox 553 968 678 1048; x_wconf 87' lang='lat' dir='ltr'><strong>quando</strong></span> <span class='ocrx_word' id='word_1_35' title='bbox 698 970 784 1031; x_wconf 88' lang='lat' dir='ltr'><strong>voles</strong></span> <span class='ocrx_word' id='word_1_36' title='bbox 812 986 955 1049; x_wconf 84' lang='lat' dir='ltr'><strong>operam,</strong></span> <span class='ocrx_word' id='word_1_37' title='bbox 985 969 1089 1034; x_wconf 85' lang='lat' dir='ltr'><strong>redire</strong></span> <span class='ocrx_word' id='word_1_38' title='bbox 1114 972 1147 1031; x_wconf 93' lang='lat' dir='ltr'><strong>in</strong></span> <span class='ocrx_word' id='word_1_39' title='bbox 1172 975 1347 1038; x_wconf 87' lang='lat' dir='ltr'><strong>consortio-</strong></span> 
     </span>
     <span class='ocr_line' id='line_1_6' title="bbox 159 1091 1347 1172; baseline 0.004 -18"><span class='ocrx_word' id='word_1_40' title='bbox 159 1109 249 1164; x_wconf 90' lang='lat' dir='ltr'><strong>nem,</strong></span> <span class='ocrx_word' id='word_1_41' title='bbox 270 1093 371 1172; x_wconf 80' lang='lat' dir='ltr'><strong>signat</strong></span> <span class='ocrx_word' id='word_1_42' title='bbox 389 1092 471 1153; x_wconf 88' lang='lat' dir='ltr'><strong>linea</strong></span> <span class='ocrx_word' id='word_1_43' title='bbox 492 1091 574 1165; x_wconf 87' lang='lat' dir='ltr'><strong>alba,</strong></span> <span class='ocrx_word' id='word_1_44' title='bbox 596 1091 728 1154; x_wconf 90' lang='lat' dir='ltr'><strong>incilans</strong></span> <span class='ocrx_word' id='word_1_45' title='bbox 752 1109 808 1152; x_wconf 91' lang='lat' dir='ltr'><strong>nos</strong></span> <span class='ocrx_word' id='word_1_46' title='bbox 826 1091 925 1153; x_wconf 86' lang='lat' dir='ltr'><strong>laedis</strong></span> <span class='ocrx_word' id='word_1_47' title='bbox 950 1093 1103 1167; x_wconf 71' lang='lat' dir='ltr'><strong>meinaim,</strong></span> <span class='ocrx_word' id='word_1_48' title='bbox 1129 1095 1216 1156; x_wconf 87' lang='lat' dir='ltr'><strong>calce</strong></span> <span class='ocrx_word' id='word_1_49' title='bbox 1240 1113 1347 1160; x_wconf 87' lang='lat' dir='ltr'><strong>omnes</strong></span> 
     </span>
     <span class='ocr_line' id='line_1_7' title="bbox 158 1214 1346 1291; baseline 0.005 -16"><span class='ocrx_word' id='word_1_50' title='bbox 158 1216 368 1289; x_wconf 78' lang='lat' dir='ltr'><strong>excutiamus,</strong></span> <span class='ocrx_word' id='word_1_51' title='bbox 395 1231 450 1275; x_wconf 86' lang='lat' dir='ltr'><strong>sua</strong></span> <span class='ocrx_word' id='word_1_52' title='bbox 476 1214 610 1278; x_wconf 86' lang='lat' dir='ltr'><strong>claustra</strong></span> <span class='ocrx_word' id='word_1_53' title='bbox 632 1215 755 1276; x_wconf 85' lang='lat' dir='ltr'><strong>mortali</strong></span> <span class='ocrx_word' id='word_1_54' title='bbox 781 1215 979 1276; x_wconf 89' lang='lat' dir='ltr'><strong>committunt</strong></span> <span class='ocrx_word' id='word_1_55' title='bbox 1005 1217 1174 1291; x_wconf 84' lang='lat' dir='ltr'><strong>Camenae,</strong></span> <span class='ocrx_word' id='word_1_56' title='bbox 1204 1225 1346 1280; x_wconf 89' lang='lat' dir='ltr'><strong>ventrem</strong></span> 
     </span>
     <span class='ocr_line' id='line_1_8' title="bbox 157 1335 1075 1416; baseline 0.002 -18"><span class='ocrx_word' id='word_1_57' title='bbox 157 1335 319 1415; x_wconf 77' lang='lat' dir='ltr'><strong>pertundit</strong></span> <span class='ocrx_word' id='word_1_58' title='bbox 338 1336 544 1416; x_wconf 83' lang='lat' dir='ltr'><strong>delicietque,</strong></span> <span class='ocrx_word' id='word_1_59' title='bbox 565 1336 683 1398; x_wconf 86' lang='lat' dir='ltr'><strong>iactare</strong></span> <span class='ocrx_word' id='word_1_60' title='bbox 702 1336 779 1398; x_wconf 89' lang='lat' dir='ltr'><strong>indu</strong></span> <span class='ocrx_word' id='word_1_61' title='bbox 799 1337 868 1399; x_wconf 86' lang='lat' dir='ltr'><strong>loro</strong></span> <span class='ocrx_word' id='word_1_62' title='bbox 886 1355 920 1399; x_wconf 88' lang='lat' dir='ltr'><strong>se</strong></span> <span class='ocrx_word' id='word_1_63' title='bbox 938 1339 1075 1400; x_wconf 86' lang='lat' dir='ltr'><strong>omnes.&#39;&#39;</strong></span> 
     </span>
    </p>

    <p class='ocr_par' dir='ltr' id='par_1_3' title="bbox 154 1457 1346 1666">
     <span class='ocr_line' id='line_1_9' title="bbox 232 1457 1346 1542; baseline 0.007 -24"><span class='ocrx_word' id='word_1_64' title='bbox 232 1461 296 1520; x_wconf 87' lang='lat' dir='ltr'><strong>lam</strong></span> <span class='ocrx_word' id='word_1_65' title='bbox 316 1466 351 1520; x_wconf 89' lang='lat' dir='ltr'><strong>ut</strong></span> <span class='ocrx_word' id='word_1_66' title='bbox 371 1457 563 1520; x_wconf 74' lang='lat' dir='ltr'><strong>Lucilianum</strong></span> <span class='ocrx_word' id='word_1_67' title='bbox 581 1457 707 1520; x_wconf 89' lang='lat' dir='ltr'><strong>dicendi</strong></span> <span class='ocrx_word' id='word_1_68' title='bbox 727 1476 825 1538; x_wconf 80' lang='lat' dir='ltr'><strong>genus</strong></span> <span class='ocrx_word' id='word_1_69' title='bbox 847 1460 880 1520; x_wconf 90' lang='lat' dir='ltr'><strong>in</strong></span> <span class='ocrx_word' id='word_1_70' title='bbox 899 1461 1080 1523; x_wconf 85' lang='lat' dir='ltr'><strong>universum</strong></span> <span class='ocrx_word' id='word_1_71' title='bbox 1098 1463 1192 1542; x_wconf 86' lang='lat' dir='ltr'><strong>paulo</strong></span> <span class='ocrx_word' id='word_1_72' title='bbox 1216 1479 1346 1526; x_wconf 87' lang='lat' dir='ltr'><strong>accura-</strong></span> 
     </span>
     <span class='ocr_line' id='line_1_10' title="bbox 154 1579 1345 1666; baseline 0.005 -24"><span class='ocrx_word' id='word_1_73' title='bbox 154 1581 216 1643; x_wconf 88' lang='lat' dir='ltr'><strong>tius</strong></span> <span class='ocrx_word' id='word_1_74' title='bbox 235 1597 492 1660; x_wconf 74' lang='lat' dir='ltr'><strong>percenseamus,</strong></span> <span class='ocrx_word' id='word_1_75' title='bbox 519 1579 580 1644; x_wconf 89' lang='lat' dir='ltr'><strong>hoc</strong></span> <span class='ocrx_word' id='word_1_76' title='bbox 600 1582 743 1646; x_wconf 81' lang='lat' dir='ltr'><strong>omnibus</strong></span> <span class='ocrx_word' id='word_1_77' title='bbox 762 1591 809 1645; x_wconf 90' lang='lat' dir='ltr'><strong>est</strong></span> <span class='ocrx_word' id='word_1_78' title='bbox 828 1584 1043 1659; x_wconf 82' lang='lat' dir='ltr'><strong>manifestum,</strong></span> <span class='ocrx_word' id='word_1_79' title='bbox 1074 1585 1132 1646; x_wconf 91' lang='lat' dir='ltr'><strong>tria</strong></span> <span class='ocrx_word' id='word_1_80' title='bbox 1153 1587 1345 1666; x_wconf 84' lang='lat' dir='ltr'><strong>potissimum</strong></span> 
     </span>
    </p>
   </div>
   <div class='ocr_carea' id='block_1_3' title="bbox 151 1703 1345 1908">
    <p class='ocr_par' dir='ltr' id='par_1_4' title="bbox 151 1703 1345 1908">
     <span class='ocr_line' id='line_1_11' title="bbox 152 1703 1345 1784; baseline 0.006 -20"><span class='ocrx_word' id='word_1_81' title='bbox 152 1705 187 1764; x_wconf 90' lang='lat' dir='ltr'><strong>in</strong></span> <span class='ocrx_word' id='word_1_82' title='bbox 216 1705 283 1768; x_wconf 92' lang='lat' dir='ltr'><strong>eius</strong></span> <span class='ocrx_word' id='word_1_83' title='bbox 312 1704 453 1766; x_wconf 89' lang='lat' dir='ltr'><strong>oratione</strong></span> <span class='ocrx_word' id='word_1_84' title='bbox 484 1721 551 1766; x_wconf 89' lang='lat' dir='ltr'><strong>osse</strong></span> <span class='ocrx_word' id='word_1_85' title='bbox 583 1703 764 1782; x_wconf 84' lang='lat' dir='ltr'><strong>spectanda.</strong></span> <span class='ocrx_word' id='word_1_86' title='bbox 806 1706 844 1766; x_wconf 86' lang='lat' dir='ltr'><strong>Et</strong></span> <span class='ocrx_word' id='word_1_87' title='bbox 872 1705 1007 1784; x_wconf 87' lang='lat' dir='ltr'><strong>primum</strong></span> <span class='ocrx_word' id='word_1_88' title='bbox 1036 1706 1161 1784; x_wconf 86' lang='lat' dir='ltr'><strong>quidem</strong></span> <span class='ocrx_word' id='word_1_89' title='bbox 1188 1710 1345 1771; x_wconf 89' lang='lat' dir='ltr'><strong>neminem</strong></span> 
     </span>
     <span class='ocr_line' id='line_1_12' title="bbox 151 1825 1342 1908; baseline 0.006 -23"><span class='ocrx_word' id='word_1_90' title='bbox 151 1825 250 1907; x_wconf 80' lang='lat' dir='ltr'><strong>fugit,</strong></span> <span class='ocrx_word' id='word_1_91' title='bbox 269 1843 364 1905; x_wconf 86' lang='lat' dir='ltr'><strong>quam</strong></span> <span class='ocrx_word' id='word_1_92' title='bbox 383 1827 480 1908; x_wconf 82' lang='lat' dir='ltr'><strong>multu</strong></span> <span class='ocrx_word' id='word_1_93' title='bbox 502 1843 520 1887; x_wconf 93' lang='lat' dir='ltr'><strong>e</strong></span> <span class='ocrx_word' id='word_1_94' title='bbox 543 1826 671 1886; x_wconf 87' lang='lat' dir='ltr'><strong>Graecis</strong></span> <span class='ocrx_word' id='word_1_95' title='bbox 691 1825 870 1886; x_wconf 88' lang='lat' dir='ltr'><strong>auctoribus</strong></span> <span class='ocrx_word' id='word_1_96' title='bbox 894 1827 1098 1904; x_wconf 75' lang='lat' dir='ltr'><strong>expresserit,</strong></span> <span class='ocrx_word' id='word_1_97' title='bbox 1125 1830 1247 1906; x_wconf 87' lang='lat' dir='ltr'><strong>quoties</strong></span> <span class='ocrx_word' id='word_1_98' title='bbox 1271 1831 1342 1892; x_wconf 86' lang='lat' dir='ltr'><strong>illo-</strong></span> 
     </span>
    </p>
   </div>
   <div class='ocr_carea' id='block_1_4' title="bbox 143 1949 1422 3501">
    <p class='ocr_par' dir='ltr' id='par_1_5' title="bbox 143 1949 1422 3501">
     <span class='ocr_line' id='line_1_13' title="bbox 151 1949 1343 2031; baseline 0.003 -20"><span class='ocrx_word' id='word_1_99' title='bbox 151 1967 221 2011; x_wconf 90' lang='lat' dir='ltr'><strong>rum</strong></span> <span class='ocrx_word' id='word_1_100' title='bbox 241 1953 372 2030; x_wconf 77' lang='lat' dir='ltr'><strong>vestigia</strong></span> <span class='ocrx_word' id='word_1_101' title='bbox 392 1957 517 2012; x_wconf 87' lang='lat' dir='ltr'><strong>secutus</strong></span> <span class='ocrx_word' id='word_1_102' title='bbox 543 1951 602 2012; x_wconf 82' lang='lat' dir='ltr'><strong>sit..</strong></span> <span class='ocrx_word' id='word_1_103' title='bbox 634 1949 728 2010; x_wconf 87' lang='lat' dir='ltr'><strong>Cuius</strong></span> <span class='ocrx_word' id='word_1_104' title='bbox 752 1949 880 2027; x_wconf 88' lang='lat' dir='ltr'><strong>quidem</strong></span> <span class='ocrx_word' id='word_1_105' title='bbox 908 1949 955 2011; x_wconf 88' lang='lat' dir='ltr'><strong>rei</strong></span> <span class='ocrx_word' id='word_1_106' title='bbox 986 1967 1058 2012; x_wconf 89' lang='lat' dir='ltr'><strong>cum</strong></span> <span class='ocrx_word' id='word_1_107' title='bbox 1083 1951 1215 2031; x_wconf 89' lang='lat' dir='ltr'><strong>plurima</strong></span> <span class='ocrx_word' id='word_1_108' title='bbox 1242 1951 1343 2014; x_wconf 83' lang='lat' dir='ltr'><strong>docu-</strong></span> 
     </span>
     <span class='ocr_line' id='line_1_14' title="bbox 150 2071 1340 2153; baseline 0.003 -19"><span class='ocrx_word' id='word_1_109' title='bbox 150 2080 265 2134; x_wconf 62' lang='lat' dir='ltr'><strong>menta»</strong></span> <span class='ocrx_word' id='word_1_110' title='bbox 283 2090 325 2134; x_wconf 78' lang='lat' dir='ltr'><strong>ex·</strong></span> <span class='ocrx_word' id='word_1_111' title='bbox 350 2072 507 2150; x_wconf 79' lang='lat' dir='ltr'><strong>frequenti</strong></span> <span class='ocrx_word' id='word_1_112' title='bbox 528 2071 717 2136; x_wconf 88' lang='lat' dir='ltr'><strong>Graecorum</strong></span> <span class='ocrx_word' id='word_1_113' title='bbox 744 2071 967 2134; x_wconf 86' lang='lat' dir='ltr'><strong>vocabulorum</strong></span> <span class='ocrx_word' id='word_1_114' title='bbox 992 2091 1051 2134; x_wconf 89' lang='lat' dir='ltr'><strong>usu</strong></span> <span class='ocrx_word' id='word_1_115' title='bbox 1078 2075 1143 2153; x_wconf 88' lang='lat' dir='ltr'><strong>peti</strong></span> <span class='ocrx_word' id='word_1_116' title='bbox 1170 2075 1340 2153; x_wconf 79' lang='lat' dir='ltr'><strong>potuerint,</strong></span> 
     </span>
     <span class='ocr_line' id='line_1_15' title="bbox 150 2193 1342 2276; baseline -0.001 -19"><span class='ocrx_word' id='word_1_117' title='bbox 150 2195 191 2258; x_wconf 88' lang='lat' dir='ltr'><strong>de</strong></span> <span class='ocrx_word' id='word_1_118' title='bbox 214 2195 328 2274; x_wconf 88' lang='lat' dir='ltr'><strong>quibus</strong></span> <span class='ocrx_word' id='word_1_119' title='bbox 347 2196 419 2257; x_wconf 89' lang='lat' dir='ltr'><strong>vide</strong></span> <span class='ocrx_word' id='word_1_120' title='bbox 441 2213 546 2275; x_wconf 87' lang='lat' dir='ltr'><strong>supra,</strong></span> <span class='ocrx_word' id='word_1_121' title='bbox 566 2202 632 2260; x_wconf 87' lang='lat' dir='ltr'><strong>tum</strong></span> <span class='ocrx_word' id='word_1_122' title='bbox 657 2193 751 2256; x_wconf 89' lang='lat' dir='ltr'><strong>etiam</strong></span> <span class='ocrx_word' id='word_1_123' title='bbox 774 2213 813 2256; x_wconf 84' lang='lat' dir='ltr'><strong>ex</strong></span> <span class='ocrx_word' id='word_1_124' title='bbox 839 2195 969 2276; x_wconf 80' lang='lat' dir='ltr'><strong>sin-gulis</strong></span> <span class='ocrx_word' id='word_1_125' title='bbox 986 2195 1092 2257; x_wconf 81' lang='lat' dir='ltr'><strong>verbis</strong></span> <span class='ocrx_word' id='word_1_126' title='bbox 1113 2202 1145 2262; x_wconf 85' lang='lat' dir='ltr'><strong>et</strong></span> <span class='ocrx_word' id='word_1_127' title='bbox 1168 2213 1208 2258; x_wconf 85' lang='lat' dir='ltr'><strong>ex</strong></span> <span class='ocrx_word' id='word_1_128' title='bbox 1233 2213 1342 2257; x_wconf 88' lang='lat' dir='ltr'><strong>eorum</strong></span> 
     </span>
     <span class='ocr_line' id='line_1_16' title="bbox 149 2317 1339 2392; baseline 0.001 -12"><span class='ocrx_word' id='word_1_129' title='bbox 149 2317 316 2380; x_wconf 79' lang='lat' dir='ltr'><strong>structuris</strong></span> <span class='ocrx_word' id='word_1_130' title='bbox 334 2317 442 2380; x_wconf 88' lang='lat' dir='ltr'><strong>videre</strong></span> <span class='ocrx_word' id='word_1_131' title='bbox 463 2325 525 2392; x_wconf 87' lang='lat' dir='ltr'><strong>est,</strong></span> <span class='ocrx_word' id='word_1_132' title='bbox 547 2317 644 2379; x_wconf 86' lang='lat' dir='ltr'><strong>multa</strong></span> <span class='ocrx_word' id='word_1_133' title='bbox 662 2335 701 2378; x_wconf 84' lang='lat' dir='ltr'><strong>ex</strong></span> <span class='ocrx_word' id='word_1_134' title='bbox 715 2318 842 2380; x_wconf 86' lang='lat' dir='ltr'><strong>Graecis</strong></span> <span class='ocrx_word' id='word_1_135' title='bbox 860 2317 998 2380; x_wconf 85' lang='lat' dir='ltr'><strong>lontibus</strong></span> <span class='ocrx_word' id='word_1_136' title='bbox 1017 2318 1156 2382; x_wconf 87' lang='lat' dir='ltr'><strong>hausisse</strong></span> <span class='ocrx_word' id='word_1_137' title='bbox 1176 2318 1339 2381; x_wconf 87' lang='lat' dir='ltr'><strong>Lucilium.</strong></span> 
     </span>
     <span class='ocr_line' id='line_1_17' title="bbox 148 2439 1339 2520; baseline 0.001 -19"><span class='ocrx_word' id='word_1_138' title='bbox 148 2443 195 2506; x_wconf 84' lang='lat' dir='ltr'><strong>lta</strong></span> <span class='ocrx_word' id='word_1_139' title='bbox 219 2442 335 2502; x_wconf 81' lang='lat' dir='ltr'><strong>addere</strong></span> <span class='ocrx_word' id='word_1_140' title='bbox 349 2459 388 2502; x_wconf 83' lang='lat' dir='ltr'><strong>ex</strong></span> <span class='ocrx_word' id='word_1_141' title='bbox 409 2443 528 2504; x_wconf 83' lang='lat' dir='ltr'><strong>Graeco</strong></span> <span class='ocrx_word' id='word_1_142' title='bbox 548 2439 680 2516; x_wconf 65' lang='lat' dir='ltr'><strong>elienor</strong></span> <span class='ocrx_word' id='word_1_143' title='bbox 703 2449 884 2520; x_wconf 85' lang='lat' dir='ltr'><strong>expressum</strong></span> <span class='ocrx_word' id='word_1_144' title='bbox 906 2459 973 2504; x_wconf 85' lang='lat' dir='ltr'><strong>esse</strong></span> <span class='ocrx_word' id='word_1_145' title='bbox 998 2442 1060 2502; x_wconf 91' lang='lat' dir='ltr'><strong>iam</strong></span> <span class='ocrx_word' id='word_1_146' title='bbox 1083 2447 1207 2503; x_wconf 89' lang='lat' dir='ltr'><strong>veteres</strong></span> <span class='ocrx_word' id='word_1_147' title='bbox 1227 2442 1339 2502; x_wconf 77' lang='lat' dir='ltr'><strong>Gram-</strong></span> 
     </span>
     <span class='ocr_line' id='line_1_18' title="bbox 148 2563 1339 2643; baseline 0.001 -20"><span class='ocrx_word' id='word_1_148' title='bbox 148 2564 255 2625; x_wconf 87' lang='lat' dir='ltr'><strong>matici</strong></span> <span class='ocrx_word' id='word_1_149' title='bbox 281 2563 466 2626; x_wconf 85' lang='lat' dir='ltr'><strong>docuerunt.</strong></span> <span class='ocrx_word' id='word_1_150' title='bbox 508 2566 676 2626; x_wconf 85' lang='lat' dir='ltr'><strong>Praeterea</strong></span> <span class='ocrx_word' id='word_1_151' title='bbox 703 2563 848 2642; x_wconf 81' lang='lat' dir='ltr'><strong>fastidire</strong></span> <span class='ocrx_word' id='word_1_152' title='bbox 877 2570 910 2625; x_wconf 90' lang='lat' dir='ltr'><strong>et</strong></span> <span class='ocrx_word' id='word_1_153' title='bbox 929 2564 1087 2626; x_wconf 79' lang='lat' dir='ltr'><strong>oburcdcrc</strong></span> <span class='ocrx_word' id='word_1_154' title='bbox 1109 2581 1180 2625; x_wconf 90' lang='lat' dir='ltr'><strong>oum</strong></span> <span class='ocrx_word' id='word_1_155' title='bbox 1201 2564 1339 2643; x_wconf 83' lang='lat' dir='ltr'><strong>genitivo</strong></span> 
     </span>
     <span class='ocr_line' id='line_1_19' title="bbox 148 2684 1339 2764; baseline 0 -18"><span class='ocrx_word' id='word_1_156' title='bbox 148 2692 247 2747; x_wconf 88' lang='lat' dir='ltr'><strong>uncta</strong></span> <span class='ocrx_word' id='word_1_157' title='bbox 274 2702 374 2764; x_wconf 83' lang='lat' dir='ltr'><strong>aeque</strong></span> <span class='ocrx_word' id='word_1_158' title='bbox 395 2693 491 2764; x_wconf 86' lang='lat' dir='ltr'><strong>atque</strong></span> <span class='ocrx_word' id='word_1_159' title='bbox 516 2685 706 2747; x_wconf 79' lang='lat' dir='ltr'><strong>Horatiana:</strong></span> <span class='ocrx_word' id='word_1_160' title='bbox 735 2684 903 2755; x_wconf 76' lang='lat' dir='ltr'><strong>obstinere,</strong></span> <span class='ocrx_word' id='word_1_161' title='bbox 931 2685 1084 2755; x_wconf 77' lang='lat' dir='ltr'><strong>desinere,</strong></span> <span class='ocrx_word' id='word_1_162' title='bbox 1111 2685 1247 2746; x_wconf 83' lang='lat' dir='ltr'><strong>inuidere</strong></span> <span class='ocrx_word' id='word_1_163' title='bbox 1267 2701 1339 2746; x_wconf 77' lang='lat' dir='ltr'><strong>crau</strong></span> 
     </span>
     <span class='ocr_line' id='line_1_20' title="bbox 148 2800 1338 2885; baseline -0.001 -16"><span class='ocrx_word' id='word_1_164' title='bbox 148 2806 260 2869; x_wconf 87' lang='lat' dir='ltr'><strong>eodem</strong></span> <span class='ocrx_word' id='word_1_165' title='bbox 284 2823 369 2880; x_wconf 91' lang='lat' dir='ltr'><strong>casu,</strong></span> <span class='ocrx_word' id='word_1_166' title='bbox 395 2807 522 2870; x_wconf 85' lang='lat' dir='ltr'><strong>Graecis</strong></span> <span class='ocrx_word' id='word_1_167' title='bbox 540 2803 735 2882; x_wconf 64' lang='grc' dir='ltr'><strong><em>παύεσθαι,</em></strong></span> <span class='ocrx_word' id='word_1_168' title='bbox 755 2800 950 2884; x_wconf 73' lang='grc' dir='ltr'><strong><em>πλεονάζειν</em></strong></span> <span class='ocrx_word' id='word_1_169' title='bbox 971 2802 1115 2885; x_wconf 63' lang='grc' dir='ltr'><strong>φθονεῖν</strong></span> <span class='ocrx_word' id='word_1_170' title='bbox 1135 2804 1338 2885; x_wconf 89' lang='lat' dir='ltr'><strong>respondent.</strong></span> 
     </span>
     <span class='ocr_line' id='line_1_21' title="bbox 147 2927 1335 3020; baseline -0.003 -28"><span class='ocrx_word' id='word_1_171' title='bbox 147 2930 205 2992; x_wconf 87' lang='lat' dir='ltr'><strong>cir.</strong></span> <span class='ocrx_word' id='word_1_172' title='bbox 221 2931 300 2992; x_wconf 84' lang='lat' dir='ltr'><strong>Geli.</strong></span> <span class='ocrx_word' id='word_1_173' title='bbox 315 2932 354 2991; x_wconf 90' lang='grc' dir='ltr'><strong>Ν.</strong></span> <span class='ocrx_word' id='word_1_174' title='bbox 370 2931 404 2990; x_wconf 83' lang='grc' dir='ltr'><strong>Α.</strong></span> <span class='ocrx_word' id='word_1_175' title='bbox 417 2931 469 3020; x_wconf 63' lang='lat' dir='ltr'><strong>Vl.</strong></span> <span class='ocrx_word' id='word_1_176' title='bbox 486 2929 533 2992; x_wconf 77' lang='lat' dir='ltr'><strong>lo.</strong></span> <span class='ocrx_word' id='word_1_177' title='bbox 554 2931 656 2991; x_wconf 86' lang='lat' dir='ltr'><strong>Plaut.</strong></span> <span class='ocrx_word' id='word_1_178' title='bbox 673 2930 741 2991; x_wconf 77' lang='lat' dir='ltr'><strong>Aul.</strong></span> <span class='ocrx_word' id='word_1_179' title='bbox 757 2931 795 2989; x_wconf 94' lang='lat' dir='ltr'><strong>ll.</strong></span> <span class='ocrx_word' id='word_1_180' title='bbox 811 2930 840 2990; x_wconf 72' lang='lat'><strong>2.</strong></span> <span class='ocrx_word' id='word_1_181' title='bbox 855 2929 904 2990; x_wconf 87' lang='grc'><strong>67.</strong></span> <span class='ocrx_word' id='word_1_182' title='bbox 922 2927 1020 2991; x_wconf 87' lang='lat' dir='ltr'><strong>Stich.</strong></span> <span class='ocrx_word' id='word_1_183' title='bbox 1036 2930 1074 2990; x_wconf 92' lang='lat' dir='ltr'><strong>ll.</strong></span> <span class='ocrx_word' id='word_1_184' title='bbox 1092 2929 1139 2990; x_wconf 84' lang='lat' dir='ltr'><strong>to.</strong></span> <span class='ocrx_word' id='word_1_185' title='bbox 1154 2928 1242 3006; x_wconf 79' lang='lat' dir='ltr'><strong>Virg.</strong></span> <span class='ocrx_word' id='word_1_186' title='bbox 1258 2929 1335 2988; x_wconf 81' lang='lat' dir='ltr'><strong>Aen.</strong></span> 
     </span>
     <span class='ocr_line' id='line_1_22' title="bbox 146 3023 1422 3150; baseline -0.002 -36"><span class='ocrx_word' id='word_1_187' title='bbox 146 3054 200 3114; x_wconf 88' lang='lat' dir='ltr'><strong>xr.</strong></span> <span class='ocrx_word' id='word_1_188' title='bbox 217 3051 282 3114; x_wconf 81' lang='lat' dir='ltr'><strong>uo.</strong></span> <span class='ocrx_word' id='word_1_189' title='bbox 297 3052 365 3114; x_wconf 80' lang='lat' dir='ltr'><strong>nso.</strong></span> <span class='ocrx_word' id='word_1_190' title='bbox 387 3053 460 3114; x_wconf 73' lang='lat' dir='ltr'><strong>nor.</strong></span> <span class='ocrx_word' id='word_1_191' title='bbox 482 3053 511 3113; x_wconf 91' lang='lat' dir='ltr'><strong>s.</strong></span> <span class='ocrx_word' id='word_1_192' title='bbox 527 3055 564 3114; x_wconf 86' lang='lat' dir='ltr'><strong>u.</strong></span> <span class='ocrx_word' id='word_1_193' title='bbox 579 3053 609 3112; x_wconf 81' lang='lat' dir='ltr'><strong>r.</strong></span> <span class='ocrx_word' id='word_1_194' title='bbox 625 3053 674 3114; x_wconf 79' lang='lat' dir='ltr'><strong>ae.</strong></span> <span class='ocrx_word' id='word_1_195' title='bbox 705 3051 760 3113; x_wconf 77' lang='lat' dir='ltr'><strong>uni</strong></span> <span class='ocrx_word' id='word_1_196' title='bbox 786 3052 896 3113; x_wconf 78' lang='lat' dir='ltr'><strong>similia</strong></span> <span class='ocrx_word' id='word_1_197' title='bbox 922 3023 1102 3114; x_wconf 70' lang='lat' dir='ltr'><strong>occinunt.</strong></span> <span class='ocrx_word' id='word_1_198' title='bbox 1145 3050 1259 3114; x_wconf 74' lang='lat' dir='ltr'><strong>nauem</strong></span> <span class='ocrx_word' id='word_1_199' title='bbox 1289 3056 1337 3114; x_wconf 72' lang='lat' dir='ltr'><strong>ast</strong></span> <span class='ocrx_word' id='word_1_200' title='bbox 1419 3137 1422 3150; x_wconf 26' lang='lat'>¹</span> 
     </span>
     <span class='ocr_line' id='line_1_23' title="bbox 144 3169 1335 3238; baseline -0.002 -2"><span class='ocrx_word' id='word_1_201' title='bbox 144 3175 226 3237; x_wconf 87' lang='lat' dir='ltr'><strong>ratio</strong></span> <span class='ocrx_word' id='word_1_202' title='bbox 242 3169 441 3237; x_wconf 76' lang='lat' dir='ltr'><strong>structurae:</strong></span> <span class='ocrx_word' id='word_1_203' title='bbox 464 3176 531 3236; x_wconf 77' lang='lat' dir='ltr'><strong>dote</strong></span> <span class='ocrx_word' id='word_1_204' title='bbox 552 3175 650 3236; x_wconf 81' lang='lat' dir='ltr'><strong>bibere</strong></span> <span class='ocrx_word' id='word_1_205' title='bbox 670 3175 728 3236; x_wconf 88' lang='lat' dir='ltr'><strong>cir.</strong></span> <span class='ocrx_word' id='word_1_206' title='bbox 751 3175 866 3236; x_wconf 77' lang='lat' dir='ltr'><strong>Andria</strong></span> <span class='ocrx_word' id='word_1_207' title='bbox 887 3177 941 3236; x_wconf 93' lang='lat' dir='ltr'><strong>lll.</strong></span> <span class='ocrx_word' id='word_1_208' title='bbox 956 3176 985 3238; x_wconf 71' lang='lat' dir='ltr'><strong>l.</strong></span> <span class='ocrx_word' id='word_1_209' title='bbox 1001 3176 1031 3235; x_wconf 81' lang='lat' dir='ltr'><strong>t.</strong></span> <span class='ocrx_word' id='word_1_210' title='bbox 1052 3180 1085 3236; x_wconf 91' lang='lat' dir='ltr'><strong>et</strong></span> <span class='ocrx_word' id='word_1_211' title='bbox 1103 3176 1182 3238; x_wconf 79' lang='lat' dir='ltr'><strong>lion.</strong></span> <span class='ocrx_word' id='word_1_212' title='bbox 1204 3172 1245 3236; x_wconf 87' lang='lat' dir='ltr'><strong>ad</strong></span> <span class='ocrx_word' id='word_1_213' title='bbox 1264 3171 1297 3234; x_wconf 87' lang='lat' dir='ltr'><strong>h.</strong></span> <span class='ocrx_word' id='word_1_214' title='bbox 1312 3174 1335 3234; x_wconf 93' lang='lat' dir='ltr'><strong>l·</strong></span> 
     </span>
     <span class='ocr_line' id='line_1_24' title="bbox 143 3296 1334 3376; baseline -0.002 -18"><span class='ocrx_word' id='word_1_215' title='bbox 143 3297 245 3358; x_wconf 83' lang='lat' dir='ltr'><strong>Plaut.</strong></span> <span class='ocrx_word' id='word_1_216' title='bbox 267 3298 354 3360; x_wconf 88' lang='lat' dir='ltr'><strong>Pers.</strong></span> <span class='ocrx_word' id='word_1_217' title='bbox 371 3298 408 3358; x_wconf 91' lang='lat' dir='ltr'><strong>V.</strong></span> <span class='ocrx_word' id='word_1_218' title='bbox 423 3298 452 3358; x_wconf 68' lang='lat' dir='ltr'><strong>l.</strong></span> <span class='ocrx_word' id='word_1_219' title='bbox 468 3298 515 3358; x_wconf 83' lang='lat' dir='ltr'><strong>iu.</strong></span> <span class='ocrx_word' id='word_1_220' title='bbox 539 3300 673 3360; x_wconf 83' lang='lat' dir='ltr'><strong>Gronov.</strong></span> <span class='ocrx_word' id='word_1_221' title='bbox 690 3297 729 3359; x_wconf 91' lang='lat' dir='ltr'><strong>ad</strong></span> <span class='ocrx_word' id='word_1_222' title='bbox 749 3298 814 3360; x_wconf 88' lang='lat' dir='ltr'><strong>Liv.</strong></span> <span class='ocrx_word' id='word_1_223' title='bbox 831 3299 995 3360; x_wconf 87' lang='lat' dir='ltr'><strong>XXXVlll.</strong></span> <span class='ocrx_word' id='word_1_224' title='bbox 1010 3298 1059 3360; x_wconf 76' lang='grc'><strong>55.</strong></span> <span class='ocrx_word' id='word_1_225' title='bbox 1074 3296 1103 3358; x_wconf 79' lang='grc'><strong>3.</strong></span> <span class='ocrx_word' id='word_1_226' title='bbox 1125 3297 1235 3376; x_wconf 81' lang='lat' dir='ltr'><strong>virgil.</strong></span> <span class='ocrx_word' id='word_1_227' title='bbox 1256 3297 1334 3358; x_wconf 82' lang='lat' dir='ltr'><strong>Aen.</strong></span> 
     </span>
     <span class='ocr_line' id='line_1_25' title="bbox 144 3413 1336 3501; baseline 0.002 -23"><span class='ocrx_word' id='word_1_228' title='bbox 144 3419 304 3482; x_wconf 83' lang='lat' dir='ltr'><strong>l.19l.-tu</strong></span> <span class='ocrx_word' id='word_1_229' title='bbox 324 3420 380 3481; x_wconf 89' lang='lat' dir='ltr'><strong>das</strong></span> <span class='ocrx_word' id='word_1_230' title='bbox 400 3420 500 3501; x_wconf 87' lang='lat' dir='ltr'><strong>epulis</strong></span> <span class='ocrx_word' id='word_1_231' title='bbox 518 3419 705 3481; x_wconf 89' lang='lat' dir='ltr'><strong>accumbere</strong></span> <span class='ocrx_word' id='word_1_232' title='bbox 726 3419 843 3480; x_wconf 87' lang='lat' dir='ltr'><strong>divum.</strong></span> <span class='ocrx_word' id='word_1_233' title='bbox 865 3421 1038 3490; x_wconf 82' lang='lat' dir='ltr'><strong>Anacreon.</strong></span> <span class='ocrx_word' id='word_1_234' title='bbox 1057 3419 1138 3478; x_wconf 79' lang='lat' dir='ltr'><strong>xxi.</strong></span> <span class='ocrx_word' id='word_1_235' title='bbox 1165 3413 1241 3481; x_wconf 82' lang='grc' dir='ltr'><em>δότε</em></span> <span class='ocrx_word' id='word_1_236' title='bbox 1260 3414 1336 3497; x_wconf 81' lang='grc' dir='ltr'><strong><em>μοὶ-</em></strong></span> 
     </span>
    </p>
   </div>
   <div class='ocr_carea' id='block_1_5' title="bbox 24 3537 1334 3630">
    <p class='ocr_par' dir='ltr' id='par_1_6' title="bbox 24 3537 1334 3630">
     <span class='ocr_line' id='line_1_26' title="bbox 24 3537 1334 3630; baseline -0.007 -25"><span class='ocrx_word' id='word_1_237' title='bbox 24 3625 27 3630; x_wconf 18' lang='grc'><strong>,</strong></span> <span class='ocrx_word' id='word_1_238' title='bbox 144 3541 255 3604; x_wconf 63' lang='lat' dir='ltr'><strong>ceeia..</strong></span> <span class='ocrx_word' id='word_1_239' title='bbox 267 3541 325 3602; x_wconf 86' lang='lat' dir='ltr'><strong>cfr.</strong></span> <span class='ocrx_word' id='word_1_240' title='bbox 341 3545 375 3602; x_wconf 88' lang='lat' dir='ltr'><strong>L.</strong></span> <span class='ocrx_word' id='word_1_241' title='bbox 389 3543 460 3604; x_wconf 88' lang='lat' dir='ltr'><strong>Piso</strong></span> <span class='ocrx_word' id='word_1_242' title='bbox 480 3544 512 3603; x_wconf 92' lang='lat' dir='ltr'><strong>in</strong></span> <span class='ocrx_word' id='word_1_243' title='bbox 534 3544 614 3603; x_wconf 81' lang='lat' dir='ltr'><strong>Ann.</strong></span> <span class='ocrx_word' id='word_1_244' title='bbox 637 3540 719 3620; x_wconf 87' lang='lat' dir='ltr'><strong>apud</strong></span> <span class='ocrx_word' id='word_1_245' title='bbox 740 3540 818 3602; x_wconf 88' lang='lat' dir='ltr'><strong>Gell.</strong></span> <span class='ocrx_word' id='word_1_246' title='bbox 831 3541 884 3602; x_wconf 87' lang='lat' dir='ltr'><strong>Vl.</strong></span> <span class='ocrx_word' id='word_1_247' title='bbox 900 3540 929 3601; x_wconf 84' lang='lat'><strong>9.</strong></span> <span class='ocrx_word' id='word_1_248' title='bbox 956 3583 977 3613; x_wconf 92' lang='lat'><strong>„</strong></span> <span class='ocrx_word' id='word_1_249' title='bbox 989 3538 1104 3599; x_wconf 87' lang='lat' dir='ltr'><strong>dieitur</strong></span> <span class='ocrx_word' id='word_1_250' title='bbox 1123 3537 1164 3598; x_wconf 93' lang='lat' dir='ltr'><strong>ad</strong></span> <span class='ocrx_word' id='word_1_251' title='bbox 1183 3537 1334 3616; x_wconf 82' lang='lat' dir='ltr'><strong>collegam</strong></span> 
     </span>
    </p>
   </div>
   <div class='ocr_carea' id='block_1_6' title="bbox 108 3658 1370 4476">
    <p class='ocr_par' dir='ltr' id='par_1_7' title="bbox 108 3658 1370 4476">
     <span class='ocr_line' id='line_1_27' title="bbox 142 3658 1334 3744; baseline -0.003 -21"><span class='ocrx_word' id='word_1_252' title='bbox 142 3661 281 3734; x_wconf 87' lang='lat' dir='ltr'><strong>venisse,</strong></span> <span class='ocrx_word' id='word_1_253' title='bbox 308 3664 410 3726; x_wconf 73' lang='lat' dir='ltr'><strong>uisere</strong></span> <span class='ocrx_word' id='word_1_254' title='bbox 440 3663 635 3744; x_wconf 80' lang='lat' dir='ltr'><strong>aegrotum.’&#39;</strong></span> <span class='ocrx_word' id='word_1_255' title='bbox 677 3665 722 3723; x_wconf 86' lang='lat' dir='ltr'><strong>lta</strong></span> <span class='ocrx_word' id='word_1_256' title='bbox 748 3663 847 3724; x_wconf 83' lang='lat' dir='ltr'><strong>leatus</strong></span> <span class='ocrx_word' id='word_1_257' title='bbox 866 3662 982 3723; x_wconf 85' lang='lat' dir='ltr'><strong>soluere</strong></span> <span class='ocrx_word' id='word_1_258' title='bbox 1001 3661 1083 3722; x_wconf 84' lang='lat' dir='ltr'><strong>uuili</strong></span> <span class='ocrx_word' id='word_1_259' title='bbox 1109 3668 1156 3722; x_wconf 85' lang='lat' dir='ltr'><strong>est</strong></span> <span class='ocrx_word' id='word_1_260' title='bbox 1174 3658 1334 3737; x_wconf 70' lang='lat' dir='ltr'><strong>nousmma</strong></span> 
     </span>
     <span class='ocr_line' id='line_1_28' title="bbox 141 3782 1332 3862; baseline -0.002 -18"><span class='ocrx_word' id='word_1_261' title='bbox 141 3785 194 3844; x_wconf 88' lang='lat' dir='ltr'><strong>illa</strong></span> <span class='ocrx_word' id='word_1_262' title='bbox 216 3783 362 3845; x_wconf 84' lang='lat' dir='ltr'><strong>adiectivi</strong></span> <span class='ocrx_word' id='word_1_263' title='bbox 383 3803 457 3846; x_wconf 89' lang='lat' dir='ltr'><strong>cum</strong></span> <span class='ocrx_word' id='word_1_264' title='bbox 473 3785 628 3848; x_wconf 87' lang='lat' dir='ltr'><strong>infinitivo</strong></span> <span class='ocrx_word' id='word_1_265' title='bbox 646 3786 809 3856; x_wconf 90' lang='lat' dir='ltr'><strong>iunctura,</strong></span> <span class='ocrx_word' id='word_1_266' title='bbox 838 3801 921 3862; x_wconf 86' lang='lat' dir='ltr'><strong>quae</strong></span> <span class='ocrx_word' id='word_1_267' title='bbox 941 3784 1068 3845; x_wconf 89' lang='lat' dir='ltr'><strong>lloratio</strong></span> <span class='ocrx_word' id='word_1_268' title='bbox 1089 3782 1213 3862; x_wconf 77' lang='lat' dir='ltr'><strong>saeuius</strong></span> <span class='ocrx_word' id='word_1_269' title='bbox 1238 3799 1332 3844; x_wconf 89' lang='lat' dir='ltr'><strong>usur-</strong></span> 
     </span>
     <span class='ocr_line' id='line_1_29' title="bbox 141 3905 1331 3987; baseline -0.003 -18"><span class='ocrx_word' id='word_1_270' title='bbox 141 3913 246 3987; x_wconf 81' lang='lat' dir='ltr'><strong>patur.</strong></span> <span class='ocrx_word' id='word_1_271' title='bbox 263 3907 321 3967; x_wconf 83' lang='lat' dir='ltr'><strong>cir.</strong></span> <span class='ocrx_word' id='word_1_272' title='bbox 338 3907 404 3968; x_wconf 92' lang='lat' dir='ltr'><strong>Lib.</strong></span> <span class='ocrx_word' id='word_1_273' title='bbox 419 3909 470 3970; x_wconf 88' lang='lat' dir='ltr'><strong>lV.</strong></span> <span class='ocrx_word' id='word_1_274' title='bbox 486 3909 547 3971; x_wconf 86' lang='lat' dir='ltr'><strong>Od.</strong></span> <span class='ocrx_word' id='word_1_275' title='bbox 561 3910 642 3969; x_wconf 94' lang='lat' dir='ltr'><strong>Vlll.</strong></span> <span class='ocrx_word' id='word_1_276' title='bbox 658 3926 703 3970; x_wconf 83' lang='lat' dir='ltr'><strong>vs.</strong></span> <span class='ocrx_word' id='word_1_277' title='bbox 718 3907 747 3968; x_wconf 91' lang='lat'><strong>8.</strong></span> <span class='ocrx_word' id='word_1_278' title='bbox 771 3905 918 3978; x_wconf 72' lang='lat' dir='ltr'><strong>„Solimo</strong></span> <span class='ocrx_word' id='word_1_279' title='bbox 937 3923 1019 3966; x_wconf 80' lang='lat' dir='ltr'><strong>nuuc</strong></span> <span class='ocrx_word' id='word_1_280' title='bbox 1039 3906 1189 3967; x_wconf 76' lang='lat' dir='ltr'><strong>hunricum</strong></span> <span class='ocrx_word' id='word_1_281' title='bbox 1207 3921 1331 3984; x_wconf 78' lang='lat' dir='ltr'><strong>ponere,</strong></span> 
     </span>
     <span class='ocr_line' id='line_1_30' title="bbox 142 4025 1331 4108; baseline 0.002 -20"><span class='ocrx_word' id='word_1_282' title='bbox 142 4045 223 4089; x_wconf 79' lang='lat' dir='ltr'><strong>nuuc</strong></span> <span class='ocrx_word' id='word_1_283' title='bbox 250 4029 364 4108; x_wconf 59' lang='lat' dir='ltr'><strong>dcum’?</strong></span> <span class='ocrx_word' id='word_1_284' title='bbox 393 4027 555 4106; x_wconf 85' lang='lat' dir='ltr'><strong>quemad</strong></span> <span class='ocrx_word' id='word_1_285' title='bbox 582 4031 686 4091; x_wconf 90' lang='lat' dir='ltr'><strong>locum</strong></span> <span class='ocrx_word' id='word_1_286' title='bbox 710 4025 878 4090; x_wconf 83' lang='lat' dir='ltr'><strong>Lambinus</strong></span> <span class='ocrx_word' id='word_1_287' title='bbox 902 4027 1004 4088; x_wconf 88' lang='lat' dir='ltr'><strong>omnia</strong></span> <span class='ocrx_word' id='word_1_288' title='bbox 1033 4026 1127 4089; x_wconf 87' lang='lat' dir='ltr'><strong>huius</strong></span> <span class='ocrx_word' id='word_1_289' title='bbox 1155 4033 1331 4090; x_wconf 80' lang='lat' dir='ltr'><strong>strucmrae</strong></span> 
     </span>
     <span class='ocr_line' id='line_1_31' title="bbox 142 4147 1329 4231; baseline -0.003 -20"><span class='ocrx_word' id='word_1_290' title='bbox 142 4153 284 4231; x_wconf 83' lang='lat' dir='ltr'><strong>exempla</strong></span> <span class='ocrx_word' id='word_1_291' title='bbox 307 4151 444 4231; x_wconf 81' lang='lat' dir='ltr'><strong>collegit.</strong></span> <span class='ocrx_word' id='word_1_292' title='bbox 485 4151 546 4212; x_wconf 80' lang='lat' dir='ltr'><strong>Sed</strong></span> <span class='ocrx_word' id='word_1_293' title='bbox 567 4169 607 4212; x_wconf 91' lang='lat' dir='ltr'><strong>ne</strong></span> <span class='ocrx_word' id='word_1_294' title='bbox 633 4150 734 4212; x_wconf 89' lang='lat' dir='ltr'><strong>omnia</strong></span> <span class='ocrx_word' id='word_1_295' title='bbox 755 4149 891 4212; x_wconf 88' lang='lat' dir='ltr'><strong>studiose</strong></span> <span class='ocrx_word' id='word_1_296' title='bbox 911 4147 1133 4227; x_wconf 86' lang='lat' dir='ltr'><strong>conquisivisse</strong></span> <span class='ocrx_word' id='word_1_297' title='bbox 1155 4148 1329 4221; x_wconf 83' lang='lat' dir='ltr'><strong>videamur,</strong></span> 
     </span>
     <span class='ocr_line' id='line_1_32' title="bbox 108 4258 1370 4352; baseline -0.002 -20"><span class='ocrx_word' id='word_1_298' title='bbox 108 4258 112 4270; x_wconf 83' lang='lat'>&#39;</span> <span class='ocrx_word' id='word_1_299' title='bbox 142 4287 223 4350; x_wconf 84' lang='lat' dir='ltr'><strong>quae</strong></span> <span class='ocrx_word' id='word_1_300' title='bbox 243 4289 281 4333; x_wconf 84' lang='lat' dir='ltr'><strong>ex</strong></span> <span class='ocrx_word' id='word_1_301' title='bbox 298 4273 426 4336; x_wconf 86' lang='lat' dir='ltr'><strong>Graecis</strong></span> <span class='ocrx_word' id='word_1_302' title='bbox 445 4271 584 4334; x_wconf 84' lang='lat' dir='ltr'><strong>lontibus</strong></span> <span class='ocrx_word' id='word_1_303' title='bbox 596 4272 742 4335; x_wconf 85' lang='lat' dir='ltr'><strong>videntur</strong></span> <span class='ocrx_word' id='word_1_304' title='bbox 754 4290 821 4334; x_wconf 88' lang='lat' dir='ltr'><strong>esse</strong></span> <span class='ocrx_word' id='word_1_305' title='bbox 841 4272 1024 4352; x_wconf 89' lang='lat' dir='ltr'><strong>repetenda,</strong></span> <span class='ocrx_word' id='word_1_306' title='bbox 1046 4287 1109 4334; x_wconf 91' lang='lat' dir='ltr'><strong>non</strong></span> <span class='ocrx_word' id='word_1_307' title='bbox 1122 4272 1223 4332; x_wconf 89' lang='lat' dir='ltr'><strong>minus</strong></span> <span class='ocrx_word' id='word_1_308' title='bbox 1236 4287 1330 4348; x_wconf 86' lang='lat' dir='ltr'><strong>saepo</strong></span> <span class='ocrx_word' id='word_1_309' title='bbox 1368 4283 1370 4290; x_wconf 79' lang='grc'><em>’</em></span> 
     </span>
     <span class='ocr_line' id='line_1_33' title="bbox 140 4390 1329 4476; baseline -0.003 -20"><span class='ocrx_word' id='word_1_310' title='bbox 140 4409 235 4473; x_wconf 85' lang='lat' dir='ltr'><strong>quam</strong></span> <span class='ocrx_word' id='word_1_311' title='bbox 262 4394 452 4460; x_wconf 84' lang='lat' dir='ltr'><strong>Graecorum</strong></span> <span class='ocrx_word' id='word_1_312' title='bbox 473 4394 609 4458; x_wconf 83' lang='lat' dir='ltr'><strong>Lucilius</strong></span> <span class='ocrx_word' id='word_1_313' title='bbox 633 4403 776 4472; x_wconf 81' lang='lat' dir='ltr'><strong>veterum</strong></span> <span class='ocrx_word' id='word_1_314' title='bbox 805 4401 968 4476; x_wconf 84' lang='lat' dir='ltr'><strong>poctarum</strong></span> <span class='ocrx_word' id='word_1_315' title='bbox 993 4393 1171 4458; x_wconf 83' lang='lat' dir='ltr'><strong>Latinorum</strong></span> <span class='ocrx_word' id='word_1_316' title='bbox 1198 4390 1329 4471; x_wconf 79' lang='lat' dir='ltr'><strong>vestigia</strong></span> 
     </span>
    </p>
   </div>
   <div class='ocr_carea' id='block_1_7' title="bbox 0 0 1650 5130">
    <p class='ocr_par' dir='ltr' id='par_1_8' title="bbox 0 0 1650 5130">
     <span class='ocr_line' id='line_1_34' title="bbox 0 0 1650 5130; baseline 0 7"><span class='ocrx_word' id='word_1_317' title='bbox 0 0 1650 5130; x_wconf 95' lang='lat' dir='ltr'><strong> </strong></span> 
     </span>
    </p>
   </div>
  </div>
 </body>
</html>
