3250 5136
603 509 607 515 ‚
648 425 698 484 oe
719 423 879 484 scornio.
1302 429 1353 482 sor

241 568 357 629 ¹scribit
375 567 527 630 Lucilius.
552 571 613 632 Cic.
629 572 665 630 de
678 571 779 632 nteit.
802 573 855 634 tib.
873 575 909 631 V.
925 573 974 634 so.
988 573 1037 634 92.
1058 574 1200 634 Dicimus
1214 572 1353 654 aliquem

245 680 347 744 hilare
367 664 483 746 visere.
517 684 602 766 Ergo
623 685 649 748 si
671 685 770 748 semel
790 686 909 748 tristior
928 688 1059 750 allectus
1081 693 1146 760 est,
1167 685 1268 748 hilara
1292 687 1354 748 vita

248 797 362 862 amissa
386 800 457 860 esti
488 799 528 860 nt
547 800 608 862 boo
631 800 663 862 in
686 817 725 862 eo
745 802 786 864 ll.
804 801 931 876 Crasso,
957 819 1042 884 quem
1063 803 1152 864 tentet
1171 801 1216 862 ait
1237 801 1270 860 in
1290 801 1354 862 cito

245 915 350 974 risisse
370 912 530 986 Lucilius,
557 931 617 974 non
637 917 779 995 corrupit,
807 925 840 976 ut
860 927 896 977 eo
918 933 951 978 re
970 918 1073 992 minus
1092 913 1293 998 ἀγέλαστος,
1320 921 1355 975 ut

245 1027 289 1087 ait
314 1026 416 1101 idem,
443 1037 611 1090 vocaretur.
640 1029 697 1091 cir.
727 1032 889 1092 Tusculoc.
918 1029 1040 1108 Quaest.
1070 1030 1125 1091 llb.
1148 1029 1203 1090 lll.
1232 1029 1280 1089 15.
1303 1028 1352 1088 31.

244 1142 325 1203 Plin.
346 1143 415 1204 Nat.
436 1142 518 1204 llist.
543 1143 579 1204 Ι..
602 1143 669 1204 Vll.
691 1163 718 1206 o.
741 1145 788 1205 19.
818 1144 923 1206 lerunt
957 1145 1103 1206 Crassum
1131 1161 1222 1206 avum
1248 1143 1353 1204 Crassi

245 1256 277 1318 in
296 1257 419 1319 Parthis
439 1258 636 1340 interempti,
658 1277 821 1341 nunquam
841 1259 968 1332 risisse,
990 1259 1033 1320 ob
1047 1259 1079 1319 id
1100 1258 1283 1338 Agelastum
1298 1276 1356 1319 vo·

141 1365 145 1372 ’
246 1377 360 1433 catum.
383 1371 516 1434 Moerob.
532 1373 688 1434 saturnal.
706 1373 762 1434 lib.
779 1373 825 1445 ll,
842 1393 870 1434 c.
887 1374 915 1434 1.
930 1373 1041 1455 Neque
1056 1390 1114 1455 ego
1129 1391 1198 1434 sum
1212 1372 1351 1444 nescius,

243 1503 300 1548 vos
320 1505 379 1548 neo
399 1486 557 1550 tristitiam
578 1507 637 1550 nee
656 1487 800 1550 nubilum
825 1487 944 1554 multum
965 1487 1113 1549 inbonis
1136 1488 1271 1558 ducere,
1293 1503 1352 1547 nee

244 1601 390 1664 Crassum
413 1601 522 1675 illum,
545 1622 638 1684 quem
665 1603 792 1675 Cicero,
815 1608 945 1664 auctore
965 1599 1111 1673 Lucilio,
1134 1603 1223 1662 camel
1240 1603 1273 1661 ot
1289 1603 1352 1661 otto

242 1718 346 1777 risisse
366 1716 492 1788 scribit,
522 1735 715 1798 magnopere
739 1717 856 1777 mirari.
889 1718 1178 1777 Pseudo-Asconius
1197 1715 1351 1776 Pedianus

243 1832 277 1888 in
296 1831 363 1890 Aet.
385 1832 413 1890 l.
435 1831 479 1890 in.
504 1831 537 1890 (l.
561 1834 687 1891 Verrem
703 1823 752 1891 'od
773 1832 852 1892 illc:
878 1831 974 1892 Semel
996 1832 1042 1890 ott
1063 1847 1093 1890 ae
1118 1831 1151 1888 tn
1171 1831 1235 1889 cito
1252 1830 1351 1906 perti-

244 1947 355 2006 muisse
371 1947 590 2006 contumaciam
607 1947 712 2006 Verris
731 1947 939 2024 praecipitem.
963 1941 998 2026 ᾗ.
1011 1945 1041 2006 5.
1063 1966 1095 2025 p.
1112 1943 1179 2006 iffi.
1195 1943 1255 2004 Ed.
1271 1943 1349 2004 Bait.

243 2059 321 2123 Nam
343 2060 443 2121 semel
460 2060 599 2122 vicinum
621 2060 728 2122 estad
749 2079 852 2141 paene
873 2079 1046 2141 nunquam.
1070 2077 1110 2122 ex
1128 2059 1241 2121 eodem
1254 2077 1352 2120 sensu

245 2179 309 2248 est,
330 2175 417 2257 quod
437 2177 529 2237 semel
548 2177 583 2234 irs
600 2177 664 2236 cite
684 2176 788 2237 risisse
809 2178 952 2237 Crassum
974 2175 1084 2237 scribit
1097 2173 1250 2236 Lucilius.
1264 2171 1351 2232 unde

244 2289 392 2372 Virgilius
418 2289 495 2352 mibi
518 2292 644 2353 ridetur
665 2289 806 2352 dixisse:
836 2293 915 2352 Tum
946 2292 1080 2372 primum
1107 2289 1206 2351 nostri
1232 2287 1349 2348 Cacum

241 2405 349 2468 videre
369 2406 542 2470 timentem.

186 2543 215 2604 t.
240 2545 273 2605 L.
300 2545 410 2606 caecil.
433 2547 543 2607 Minci.
566 2547 714 2624 Apuleius
739 2547 774 2605 de
795 2547 880 2606 Ortlc.
903 2565 936 2623 p.
959 2549 987 2605 5.
1009 2547 1066 2606 Ed.
1109 2544 1206 2606 Osan.
1228 2541 1348 2604 Busiris

241 2677 313 2718 cum
336 2659 346 2717 i
370 2659 486 2729 latino,
512 2659 565 2740 qui
587 2658 671 2738 apud
694 2657 777 2718 lovis
798 2677 885 2718 aram
906 2657 1049 2738 hospites
1068 2656 1244 2728 mactabat,
1267 2656 1348 2716 divi·

240 2790 346 2852 noque
360 2771 479 2833 indicio
499 2771 540 2832 ab
559 2771 698 2833 Hercule
717 2771 838 2832 ibidem
859 2776 1013 2832 mactatus
1035 2779 1099 2844 est,
1121 2776 1250 2832 auctore
1265 2768 1348 2829 Cha·

242 2892 332 2948 tonte
346 2883 378 2947 in
394 2861 674 2970 quartodpollonii
689 2885 934 2959 Commentario,
946 2885 1130 2973 Pherecyde
1145 2885 1348 2965 Homeroqne

242 3003 362 3063 minore
390 3020 429 3062 ex
456 3002 571 3062 nostris
592 3001 718 3064 Nasone
740 3006 771 3063 et
791 3001 888 3064 Calvo
912 3001 1061 3063 Lucretio
1084 3018 1160 3064 vero
1181 2999 1212 3060 in
1233 2998 1347 3080 ptimo.

242 3116 379 3199 Neptuni
404 3115 490 3178 filius
519 3116 576 3177 fnit
606 3137 645 3178 ex
673 3115 800 3199 Epaphi
831 3125 904 3180 nata
935 3119 1055 3202 Libya,
1085 3116 1228 3179 Diodoro
1254 3122 1348 3196 atque

242 3233 376 3304 Lucilio,
398 3231 449 3293 cui
472 3229 637 3293 Cornelius
661 3231 759 3293 Rufus
780 3233 813 3293 in
833 3231 940 3314 lyricis
962 3233 1005 3296 ita
1026 3232 1207 3295 subscribit.

185 3386 215 3446 5.
240 3386 324 3448 Sero.
346 3387 387 3446 ad
407 3387 494 3465 Virq.
509 3388 585 3446 Aen.
602 3387 693 3446 Vlll.
708 3386 737 3448 9.
763 3387 965 3459 „Diomedes
985 3392 1155 3469 postquam
1169 3383 1288 3465 reperit
1300 3383 1347 3444 ira

241 3499 372 3562 Veneris
395 3519 414 3560 a
439 3519 474 3562 se
498 3500 680 3562 vulneratae
704 3492 845 3562 uxorem
864 3501 948 3582 apud
970 3502 1071 3583 Argos
1092 3519 1163 3564 oum
1187 3496 1347 3571 Cilnbero,

239 3622 273 3674 ut
295 3615 436 3676 Lucilius
457 3615 507 3677 vel
528 3615 676 3686 Cometa,
701 3622 737 3677 ut
756 3615 902 3697 plerique
923 3614 1068 3687 tradunt,
1090 3614 1223 3695 turpiter
1242 3613 1347 3675 vivere

238 3729 343 3794 noluit
360 3729 475 3794 reverti
495 3731 535 3814 ad
555 3730 706 3812 patriam.
721 3774 751 3790 ..
773 3731 823 3795 vel
846 3735 880 3794 ut
903 3730 1018 3795 dicitur
1037 3731 1078 3792 ab
1100 3728 1252 3794 adulteris
1273 3746 1346 3810 pro-

238 3845 398 3924 turbatus,
420 3844 476 3906 sed
497 3846 595 3910 tenuit
616 3852 721 3928 partes
743 3844 908 3926 Apuliae.”

184 3992 213 4052 6.
239 3991 362 4053 Seruius
380 3992 420 4050 'ie
447 3991 538 4051 Vlll.
567 3993 693 4054 Aendd.
720 3994 808 4070 Vtrq.
836 3994 879 4054 od
905 4010 1024 4056 amusos
1046 3993 1095 4054 85.
1131 4025 1162 4038 ·-
1193 3993 1345 4070 viridique

239 4109 272 4166 in
293 4105 380 4166 litore
400 4107 584 4184 conspicitur
603 4125 665 4168 sus.
691 4107 802 4169 llorat.
825 4113 916 4170 -et
938 4107 1041 4170 amica
1061 4107 1128 4170 luto
1150 4126 1215 4172 sus.
1235 4104 1345 4173 Scien-

240 4220 313 4282 dum
350 4224 455 4280 tamen
492 4217 574 4291 boo,
610 4239 680 4282 erse
718 4212 864 4287 vitiosum
898 4221 1121 4304 monosyllabo
1153 4220 1236 4284 liniri
1275 4238 1345 4278 ver-

239 4352 324 4408 sum,
346 4335 408 4396 nist
426 4332 505 4412 forte
525 4334 590 4412 ipso
610 4336 815 4414 cronosyllobo
835 4338 956 4397 minero
976 4337 1164 4415 explicentur
1180 4334 1343 4402 animulis,
