3242 5138
233 446 257 486 11
636 427 685 484 DE
709 427 740 486 C.
758 426 897 485 LUCILII
916 429 1019 486 VITA.

234 582 266 636 et
289 572 398 636 Naekii
425 592 442 634 a
469 573 543 634 1855
563 573 681 634 editum
707 593 739 652 p.
758 575 805 634 lb.
821 592 888 652 sqq.
904 608 934 618 —
948 573 998 634 69.
1028 573 1183 652 specimen
1206 577 1422 652 Quaestionum

234 698 479 759 Incciliooarum.
522 696 591 772 Qua
611 696 735 773 quidem
755 697 788 756 in
809 696 1076 774 argumentatione
1101 713 1296 775 nequaquam
1321 700 1422 759 omnia

233 819 388 879 rationum
413 825 568 878 momenta
594 817 638 878 ita
665 823 843 896 comparata
869 835 936 879 csse
958 817 1121 890 videntur,
1151 825 1185 879 ut
1207 819 1315 893 adid,
1339 821 1421 900 quod

235 940 325 1002 nobis
346 947 393 1002 est
413 940 642 1020 gravissimum,
665 937 911 1028 confirmandum
924 940 1055 1000 multum
1073 939 1209 1011 faciant;
1232 942 1286 1002 sed
1302 944 1423 1022 longior

236 1062 302 1123 eius
326 1061 372 1122 rei
393 1062 544 1140 expositio
564 1078 631 1122 esse
651 1078 713 1121 non
740 1060 835 1121 debet
848 1081 855 1131 ;
882 1061 1019 1123 libenter
1044 1061 1141 1134 enim,
1170 1063 1253 1140 quod
1286 1063 1422 1125 oblatum

237 1189 299 1256 est,
330 1184 550 1262 accipimuset
579 1183 695 1242 utimur
715 1200 872 1244 concesso.
914 1183 1043 1244 Accedit
1072 1181 1232 1257 Ellendtii‚
1263 1186 1422 1246 clarissimi

236 1304 386 1366 librorum
401 1304 558 1365 Ciceronis
572 1303 610 1363 de
625 1303 758 1364 Oratore
778 1304 919 1377 Editoris,
938 1289 1138 1383 approbatio,
1160 1306 1214 1383 qui
1227 1306 1260 1366 in
1274 1308 1422 1385 Explicat.

235 1427 276 1489 ad
306 1427 368 1489 eie.
395 1424 434 1487 de
460 1425 514 1485 0r.
537 1425 589 1484 lII.
615 1425 664 1516 led.
685 1443 717 1502 p.
740 1425 794 1484 tel
826 1443 892 1503 sqq.
921 1432 952 1484 et
977 1425 1044 1503 ipse
1074 1427 1258 1504 scripturam
1285 1429 1423 1488 Lucilios

235 1548 387 1611 defendit.
427 1548 502 1608 lltihi
529 1546 655 1626 quidem
682 1546 714 1605 in
742 1545 892 1606 eiusmodi
921 1546 1186 1624 disquisitionibus
1215 1547 1362 1609 Codicum
1391 1558 1423 1610 et

235 1670 373 1748 lapidum
405 1670 587 1730 testimoniis
616 1668 783 1746 plurimum
812 1666 1012 1728 tribuendum
1043 1685 1109 1730 esse
1140 1667 1273 1729 videtur.
1310 1670 1425 1746 Quale-

238 1809 360 1869 cunque
381 1791 475 1870 Igitur
495 1791 625 1851 aliorum
649 1789 688 1850 de
707 1789 848 1868 Vargesii
867 1797 901 1850 et
922 1788 1066 1852 Ellendtii
1086 1790 1344 1870 explicationibus
1364 1793 1425 1858 erit

236 1913 402 1986 iudicium,
424 1911 484 1974 hoc
504 1910 629 1990 quidem
648 1929 706 1990 pro
723 1919 809 1971 certo
828 1912 903 1990 poni
923 1928 1013 1990 posse
1035 1911 1167 1986 videtur,
1190 1931 1301 1975 nomen
1316 1913 1423 1974 Lucilii

237 2050 299 2096 una
324 2035 428 2106 littera
453 2036 466 2093 l
493 2049 560 2096 essa
587 2032 798 2094 scribendum.
840 2033 901 2096 Sed
930 2031 1010 2094 haec
1037 2033 1207 2108 hactenus;
1237 2037 1300 2096 iam
1328 2035 1422 2114 paulo

237 2157 356 2220 maiora
375 2173 532 2218 canamus.
574 2156 669 2222 Multo
690 2155 814 2234 gravior
838 2154 919 2214 enim
942 2153 981 2214 de
1007 2162 1119 2233 poetae
1144 2163 1246 2219 aetate
1266 2157 1349 2219 inter
1367 2156 1425 2217 ho-

236 2280 334 2342 mines
361 2279 468 2339 doctos
493 2284 560 2338 orta
590 2284 639 2338 est
663 2277 837 2350 contentio,
863 2276 1036 2340 identidem
1064 2276 1257 2350 dubitantes,
1290 2294 1351 2355 quo
1384 2279 1424 2338 ab

236 2419 318 2474 auno
337 2401 418 2461 illius
438 2399 521 2462 vitae
539 2398 660 2460 initium
681 2397 876 2472 ducendum,
905 2398 989 2478 quod
1009 2398 1049 2469 ad
1075 2405 1198 2478 tempus
1218 2399 1423 2482 eadempro-

238 2523 382 2585 ducenda
410 2520 460 2582 sit.
503 2522 609 2580 Exstat
635 2518 760 2597 quidem
786 2518 847 2581 hac
868 2519 907 2581 de
937 2538 971 2580 re
999 2521 1071 2584 satis
1096 2497 1293 2582 manifestum
1316 2522 1424 2584 lliero-

236 2635 322 2726 nym'i
341 2641 551 2706 testimonium
569 2643 601 2702 in
624 2639 795 2702 chronicis.
819 2641 901 2720 Opp.
923 2643 991 2702 Vol.
1007 2642 1073 2702 Vll.
1093 2643 1235 2719 Veronae
1256 2645 1422 2714 MDCCXL.

237 2767 292 2828 Ed.
306 2765 442 2840 Vallars.
460 2783 492 2844 p.
507 2763 575 2824 577.
596 2739 652 2824 sed
671 2763 730 2823 hoc
751 2780 853 2842 nuper
872 2763 1089 2830 addubitatum
1109 2771 1171 2838 est,
1193 2764 1277 2843 quod
1298 2767 1422 2840 ceteris,

237 2905 317 2968 quae
340 2889 379 2950 de
398 2885 515 2947 Lucilio
541 2883 655 2950 tradita
680 2891 767 2957 sunt,
793 2901 903 2962 parum
924 2885 1100 2946 consentire
1128 2868 1327 2947 videbantur.
1366 2890 1427 2956 lle-

236 3010 322 3090 gavit
341 3007 424 3076 enim
446 3008 519 3066 LA.
536 3007 569 3066 G.
585 3021 646 3067 vau
667 3005 791 3073 Heusde
812 3006 882 3082 (etr.
905 3006 1015 3066 Studio
1037 3006 1152 3084 critico
1171 3008 1205 3065 io
1223 3009 1256 3067 G.
1271 3009 1425 3071 Lucilium

234 3137 355 3210 poetam
366 3129 502 3190 Traiecti
516 3128 556 3188 ad
569 3125 711 3188 Rhenum
725 3127 944 3188 MDCCCXLll.
967 3144 999 3204 p.
1015 3127 1029 3186 l
1043 3159 1081 3172 -
1090 3126 1153 3205 68.)
1174 3135 1209 3190 ut
1222 3129 1298 3190 alios
1311 3130 1426 3209 ipsum-

237 3271 299 3330 que
319 3251 457 3330 Baylium
478 3251 634 3324 omittam,
655 3250 709 3328 qui
726 3249 843 3330 primus
858 3248 1084 3312 dubitationem
1099 3247 1159 3313 hae
1174 3250 1213 3312 de
1226 3269 1261 3313 rc
1275 3260 1425 3322 moverat,

237 3373 417 3451 Hieronymi
437 3371 654 3434 auctoritatem
677 3378 797 3432 tantum
818 3373 923 3432 valere
944 3371 1078 3444 debere,
1108 3379 1144 3432 ut
1170 3390 1249 3450 quae
1273 3365 1424 3444 Horatius,

238 3493 376 3556 Velleius
395 3494 513 3576 etipse
533 3495 668 3557 Lucilius
689 3495 728 3557 de
748 3513 782 3557 se
808 3502 939 3557 testatus
963 3495 1016 3569 sit,
1043 3502 1173 3575 propter
1193 3491 1426 3574 chronographi

237 3616 395 3678 levitatem
415 3618 586 3682 reiicienda
606 3619 676 3680 sint.
718 3618 768 3680 Sic
790 3618 873 3680 euim
891 3618 943 3678 ille
964 3618 1091 3679 statuit:
1113 3618 1145 3680 Si
1164 3617 1317 3688 Lucilius,
1339 3615 1426 3678 culus

238 3736 285 3798 rei
309 3738 515 3816 Hieronymus
540 3742 627 3802 testis
652 3745 714 3812 est,
746 3755 827 3800 anno
853 3739 1022 3800 centesimo
1053 3738 1290 3818 quadragesimo
1318 3744 1427 3800 octavo

240 3876 268 3920 a.
284 3859 357 3918 Chr.
373 3877 404 3920 n.
421 3860 549 3922 Suessae
579 3863 795 3922 Auruncorum
815 3867 901 3922 ortus
928 3861 982 3934 sit,
1011 3861 1107 3922 multa
1127 3875 1217 3937 posse
1239 3859 1425 3930 enumerari,

240 3995 320 4058 quae
334 3955 374 4042 ad
392 3981 706 4044 illiusauctoritatem
724 3982 941 4046 infirmandam
960 3982 1119 4062 pertinere
1132 3978 1308 4043 videantur.
1335 3978 1426 4057 Quod

239 4102 322 4164 enirn
341 4103 478 4164 Velleius
505 4106 688 4167 Paterculus
710 4105 878 4166 memoriae
903 4103 1092 4183 prodiderit,
1121 4102 1270 4166 Lucilium
1291 4099 1427 4178 equitem

239 4223 322 4284 bello
334 4225 521 4286 Numantino
542 4225 704 4302 militasse,
726 4228 815 4306 quod¹
829 4228 973 4288 Horatius
993 4227 1121 4304 eiusque
1135 4224 1320 4288 scholiastae
1339 4221 1427 4280 illum

238 4346 383 4426 Scipione
404 4355 435 4410 et
457 4348 559 4410 Laelio
583 4349 835 4428 perfamiliariter
856 4367 946 4412 nsum
970 4366 1037 4411 esse
1058 4347 1259 4418 tradiderint,
1279 4343 1363 4422 quod
1386 4342 1426 4402 ab

289 4795 291 4802 ‘
382 4788 531 4951 ni.
