3242 5138
496 395 987 490 nereusoursuuornrsurs.
1282 432 1338 490 ‘xrs

150 583 234 646 mille
253 583 396 662 reliquit,
421 585 541 660 patrem
558 578 643 640 haud
663 563 758 640 dubie
777 584 870 656 poeta
890 578 1063 654 iutelle'xit3
1082 579 1137 640 sed
1157 595 1194 641 eo
1215 597 1338 659 quoque

149 707 217 767 loco
240 671 355 766 de‘filii
374 703 495 764 luxuria
517 702 618 781 egisse
631 700 765 763 uidetur.
791 701 900 762 'Caelii
921 701 1150 780 concupii.
1173 702 1212 764 ir.
1226 703 1275 764 66.
1298 703 1338 764 ad

150 827 287 890 iudicem
309 825 471 898 referunt,
496 843 589 903 quem
610 825 718 884 Cicero
738 829 846 885 narrat
863 823 1047 884 iniuriarum
1068 823 1237 887 absolvisse
1254 843 1336 900 eum,

150 951 203 1030 qui
226 949 375 1010 Lucilium
395 913 519 1027 poetam
541 947 574 1008 in
597 961 691 1008 scena
711 945 892 1006 nominatim
911 947 1056 1007 laeserat.
1071 941 1174 1008 cluet.
1196 947 1239 1007 ad
1263 948 1336 1009 ller.

150 1073 188 1132 ll.
206 1071 255 1146 ld,
271 1070 317 1131 ta.
351 1069 411 1130 Sed
431 1085 471 1129 ex
489 1069 543 1134 illo
563 1071 676 1130 uersu:
702 1069 741 1128 Ut
754 1069 845 1130 seruet
856 1069 890 1127 iu
906 1066 991 1129 Coeli
1007 1085 1129 1147 pcpcos
1150 1077 1176 1128 te
1195 1057 1339 1131 invadere

150 1195 232 1265 vidi,
253 1191 397 1253 nilcerti
417 1191 519 1270 colligi
540 1196 652 1268 potest.
693 1189 809 1250 Eodem
832 1189 925 1250 etiam
947 1189 1090 1250 referunt
1114 1207 1146 1269 p.
1161 1191 1210 1250 tt.
1232 1191 1335 1270 indii.

150 1313 240 1382 Nunc,
261 1313 343 1374 Gai!
363 1314 507 1393 puccium
528 1289 662 1373 incitans
681 1329 737 1372 cos
761 1313 858 1374 laedio
880 1313 1027 1372 uicissim.
1050 1287 1108 1372 cir.
1131 1329 1190 1372 van
1215 1311 1339 1374 Heusde

150 1435 257 1497 Studia
277 1436 351 1495 Crit.
374 1452 406 1513 p.
423 1433 471 1494 66.
493 1401 548 1494 ubi
569 1441 601 1495 et
620 1435 788 1494 Burmanni
809 1441 845 1495 et·
859 1435 996 1495 Merulae
1015 1433 1143 1494 iudicia*
1158 1435 1336 1510 laudantur,

152 1558 204 1636 qui
223 1555 302 1618 haec
323 1556 419 1617 verba
440 1555 525 1617 Fabii
540 1557 742 1627 ¹Cunctatoris
760 1556 857 1618 luisse
876 1563 1033 1632 statuunt,
1060 1558 1172 1635 quibus
1191 1560 1224 1619 C.
1241 1559 1340 1620 llinu-

149 1680 227 1740 tium
240 1679 364 1740 ‘llutum
384 1680 537 1740 allocutus
557 1679 617 1754 sit;
640 1679 819 1758 sedpriore
841 1679 910 1739 loco
931 1679 1006 1741 alios
1023 1680 1108 1742 Coeli
1124 1697 1246 1758 pupoas
1260 1683 1339 1747 beo-

154 1799 289 1885 μαχίας
313 1801 378 1863 sive
398 1801 668 1884 γιγαντομαχίας
687 1799 910 1878 interpretatos
922 1816 990 1861 esse
1002 1799 1087 1860 idem
1105 1802 1339 1874 animadverti&

149 1939 241 2000 quae,
264 1940 342 2001 pace
363 1930 520 1983 tantorum
541 1923 678 1982 virorum
700 1901 850 1994 dixerim,
875 1921 952 1981 mibi
971 1921 1096 2000 quidem
1117 1921 1251 1983 absurda
1272 1941 1339 1986 esse
1381 1957 1384 1959 ·

148 2045 311 2105 videntur.
336 2044 468 2104 Tullium
482 2044 617 2104 iudicem
635 2061 666 2122 p.
682 2033 730 2102 56.
746 2043 776 2104 b.
798 2036 954 2104 bominem
968 2033 1060 2122 plane
1078 2043 1217 2121 ignotum
1231 2039 1345 2120 luisse,

145 2167 215 2245 ipse
241 2140 334 2244 poeta
361 2165 535 2244 significare
560 2165 705 2237 videtur3
733 2181 835 2242 neque
864 2141 944 2226 alter
968 2167 1080 2237 locus,
1111 2185 1143 2245 p.
1159 2165 1207 2226 65.
1229 2147 1270 2227 ir.
1287 2167 1336 2228 lo.

148 2289 243 2348 Prius
265 2305 328 2347 core
353 2289 460 2360 tollas,
488 2289 686 2367 quumvlblli
710 2289 848 2348 ocimum
874 2307 911 2348 ox
937 2289 1061 2354 bomine
1080 2297 1169 2368 utque
1189 2289 1339 2350 bominem

148 2412 248 2489 ipsum
277 2409 483 2490 interfeceris,
519 2410 612 2470 ullam
642 2408 740 2470 babet
768 2409 1044 2489 signtiationcm,
1074 2381 1128 2488 qui
1152 2411 1204 2470 ille
1232 2410 1336 2473 iuuerit.

147 2522 196 2592 De
214 2532 306 2592 Decio
323 2531 447 2593 Nucula
466 2531 528 2593 iarn
548 2529 581 2590 in
599 2509 799 2592 adnotatione
818 2531 985 2611 adscripsi,
1015 2507 1090 2610 quid
1109 2532 1185 2592 mihi
1205 2535 1338 2594 maxime

147 2653 309 2732 probabile
329 2653 500 2713 videretur.
538 2651 640 2712 Etiam
657 2653 841 2714 llortensius
861 2652 956 2712 iudex
977 2653 1077 2731 p.“89.'
1094 2653 1133 2714 ir.
1150 2654 1197 2714 til.
1220 2656 1338 2716 Iudicis

146 2772 354 2834 Hortensiest
372 2775 412 2833 col
432 2791 498 2832 coos
518 2789 581 2832 reru
608 2780 683 2832 cata
698 2779 699 2786 ’
708 2774 867 2851 palaestro
894 2771 999 2834 homo
1014 2775 1106 2852 plane
1126 2774 1251 2854 ignotus
1271 2783 1337 2836 ess'e

148 2895 293 2968 videtur3
323 2911 394 2956 narn
415 2893 614 2969 Hortensius,
646 2901 737 2973 pater
764 2891 926 2956 clarissimi
952 2895 1085 2956 oratoris
1113 2896 1246 2976 intelligi
1275 2913 1338 2957 non

147 3026 273 3098 potest,
292 3017 375 3096 quod
403 3035 472 3079 eum
495 3018 548 3078 rix
572 3017 709 3078 iudicem
730 3017 920 3097 appellatum
947 3017 1052 3112 fuisse
1068 3020 1253 3098 putaverim.
1294 3019 1337 3081 Eo

146 3141 228 3202 enirn
251 3146 391 3219 ternpore
420 3116 535 3204 iudicis
563 3140 701 3218 equitum
728 3146 828 3200 erant.
862 3139 930 3218 ,Qui
958 3140 1092 3218 denique
1119 3143 1259 3204 Metellus
1284 3127 1346 3204 ille‘

146 3261 258 3336 luerit,
289 3281 319 3342 p.
343 3261 391 3323 89.
414 3261 452 3321 ir.
475 3261 522 3322 66.
557 3279 594 3322 ex
625 3262 733 3341 paucis
761 3254 822 3323 illis
849 3263 954 3326 verbis
982 3263 1114 3344 intelligi
1143 3264 1195 3324 vix
1222 3263 1353 3344 potest,

145 3386 278 3452 maxime
295 3370 478 3445 cumleetio
493 3383 641 3446 Codicum
661 3401 771 3465 parum
792 3361 878 3445 certa
899 3385 952 3445 sit.
975 3386 1102 3445 Flaccos
1121 3404 1153 3464 p.
1171 3387 1217 3446 ld.
1233 3388 1262 3447 7.
1284 3387 1338 3465 qn

146 3508 258 3568 munus
277 3506 499 3588 gladiatorium
519 3506 704 3580 ediderunt,
726 3521 876 3583 quosnam
896 3505 991 3566 luisse
1011 3507 1200 3584 putaverim,
1224 3505 1337 3568 dubius

147 3630 273 3690 haereo.
306 3631 446 3700 Fortasse
461 3600 641 3690 ld.'Fulvius
653 3629 792 3702 Flaccus,
816 3626 959 3688 triumvir
979 3626 1251 3706 agrisdividundis
1266 3645 1336 3690 cum

144 3746 179 3812 C.
196 3749 336 3812 Graccho
367 3759 399 3814 et
427 3754 459 3814 C.
476 3750 634 3826 Carbone,
660 3717 766 3810 inerit
786 3749 915 3828 eiusque
941 3747 1040 3820 filius,
1072 3747 1125 3826 qui
1155 3764 1172 3808 a
1203 3748 1336 3810 Consule

146 3871 270 3966 Opimio
290 3871 322 3930 in
342 3873 473 3936 vinculis
492 3879 623 3936 necatus
643 3879 710 3935 est:
732 3872 847 3934 Sedes
861 3871 982 3934 duobus
1000 3871 1183 3950 fragmentis
1199 3871 1244 3929 nil
1256 3873 1336 3932 certi

143 3994 334 4056 constituere
364 3961 474 4058 audeo.
514 3997 645 4075 Reliqua
672 4002 744 4060 sunt
769 3996 918 4058 nonnulla
944 3995 1028 4067 loca,
1064 4005 1143 4072 quae
1174 3994 1335 4055 Horatium

144 4122 286 4188 secutum
304 4133 374 4177 esse
394 4123 542 4180 statuunt.
566 4119 623 4179 cir.
647 4117 686 4179 ir.
709 4117 771 4178 inc.
797 4103 893 4198 pas
910 4116 976 4178 ltu.
996 4117 1252 4178 Homerus'clter.
1274 4115 1332 4177 clr.

143 4237 200 4318 Ep.
216 4239 255 4298 ll.
271 4237 337 4299 lto.
359 4233 434 4300 Luc.
454 4239 493 4300 ir.
516 4258 546 4320 p.
562 4241 611 4304 66.
634 4241 673 4301 ir.
690 4241 739 4304 tt.
770 4231 966 4330 Cum'stodic
985 4241 1019 4298 ire
1039 4240 1197 4318 pymoosic
1217 4237 1335 4316 duplici

139 4362 415 4438 ‚ccrpcsrsr'cossecr
438 4369 466 4422 et
481 4361 566 4440 pito,
593 4380 673 4441 quae
695 4362 780 4426 baud
805 4361 967 4444 dissimilia
987 4379 1055 4424 osse
1074 4360 1261 4423 Trebatiano
1280 4357 1333 4420 illo
