3274 5134
563 445 616 504 itit
639 445 763 505 tinnis
788 443 975 506 INCERTIS.
1333 449 1367 504 ill

166 593 214 654 56.
246 591 556 672 Quempraeclnrns
576 592 706 675 helops,
729 611 824 675 quem
843 593 988 674 Aegypto
1011 595 1114 675 snrgu’
1137 593 1286 658 movebit.
1392 619 1404 629 ·

165 707 214 769 37.
241 707 282 768 nt
303 706 439 787 pedibus
460 706 551 768 laeva
571 706 723 787 Sicyonia
744 707 844 770 demit
862 708 1008 770 honesta.

168 821 217 882 38.
246 821 347 882 Suasa
371 837 501 904 qnoque
522 822 654 885 omnino
677 822 797 885 dirimit
815 841 880 884 non
902 822 985 884 sollo
1008 823 1164 905 dupundi.

167 937 215 997 50.
243 937 386 1018 Nequam
408 954 520 997 aurum
542 943 609 1009 est,
631 937 718 998 auris
740 938 828 1019 quod
847 938 896 1000 vis
914 937 1135 1001 vehementius
1156 939 1265 1002 ambit.

167 1050 216 1111 to.
242 1050 342 1112 Sicuti
363 1050 541 1112 mechanici
563 1069 634 1112 curn
658 1051 722 1113 alto
745 1051 905 1114 exsiluere
926 1057 1072 1134 petauro.

166 1163 215 1224 hl.
243 1163 282 1226 Ut
302 1163 441 1245 petimen
461 1181 542 1225 naso
564 1170 619 1226 aut
639 1165 766 1229 lumbos
788 1166 959 1228 cervicihu'
980 1168 1100 1248 tangat.

166 1278 216 1339 in.
245 1279 325 1340 Tum
346 1298 458 1360 spera,
481 1285 547 1340 tum
568 1280 707 1342 rumices
728 1286 911 1362 portantur,
934 1281 1058 1364 tragula
1079 1300 1187 1363 porro.

166 1393 214 1454 i3.
245 1393 423 1455 Varronum
445 1411 483 1454 ac
502 1393 650 1474 rupicum
671 1413 860 1478 squamosa,
883 1397 1048 1458 incondita
1069 1403 1183 1459 rostra.
1254 1448 1260 1458 .

166 1507 215 1568 tt.
244 1507 280 1569 Ut
300 1509 387 1570 veles
407 1508 514 1582 honn',
538 1507 598 1570 sub
618 1509 719 1571 vitem
735 1510 790 1590 qni
810 1510 929 1572 subicit
947 1509 1067 1574 hastas.

168 1622 215 1683 ii».
246 1621 279 1682 Si
298 1640 375 1684 vero
397 1622 471 1694 daS,
495 1623 582 1703 quod
603 1629 710 1703 rogat,
739 1623 818 1684 etsi
839 1625 976 1706 suggeri
998 1644 1146 1706 suppum.

173 1803 363 1810 ...Ἥ

168 1899 253 1947 addit:
281 1897 340 1959 ille,·
366 1899 412 1946 nisi
429 1901 483 1961 quis
500 1899 569 1947 malit
587 1899 682 1960 tuscos,
701 1901 747 1948 tale
781 1913 854 1961 quom
878 1901 925 1960 nit,
954 1901 1054 1962 „sicuti
1079 1900 1208 1950 mechanici
1235 1916 1289 1950 cum
1314 1905 1364 1952 uilo

167 1987 232 2036 enim
250 1986 340 2047 aliquid
359 1986 491 2035 desiderari
508 1987 615 2037 videtur.
782 1989 889 2037 exiluere
907 1989 1018 2050 petauro.
1028 1989 1043 2012 ''
1073 1989 1278 2039 attenuando
1297 1992 1363 2052 qnod

189 2073 247 2132 56.
260 2075 325 2122 Fert.
336 2074 379 2130 Ed.
392 2076 444 2126 ΟΜ.
454 2075 549 2124 mh.
563 2088 670 2138 ,parmis
679 2077 750 2137 piscis
782 2077 807 2126 in
832 2090 891 2126 aere
916 2078 1012 2138 volent,
1041 2089 1096 2126 cum
1121 2078 1172 2126 ait:
1201 2079 1364 2140 „Petaurista

169 2175 255 2226 senus,
269 2162 471 2226 qniinhegypiic
483 2164 545 2216 mari
557 2163 749 2219 terenascitur.''
782 2165 880 2228 proprie
898 2166 983 2215 &acci
1007 2165 1062 2214 ideo
1080 2165 1147 2227 qnod
1163 2166 1201 2213 his
1223 2164 1267 2228 (is)
1288 2167 1363 2240 πρὸς

204 2252 248 2299 57.
268 2251 335 2300 Pani.
355 2263 395 2312 ap.
420 2254 483 2304 Fest.
509 2253 554 2304 nd.
573 2254 625 2302 Oti.
649 2267 673 2314 p.
686 2254 747 2303 555.
782 2247 857 2325 depo
866 2253 1362 2307 nivatamctr.uanii.tstrcn.V.iei.

172 2339 326 2403 „Sicyonia,
363 2352 439 2400 genus
468 2340 632 2390 calceamenti.
664 2341 749 2390 huc.''
818 2342 859 2394 ti.
877 2344 942 2392 Post.
961 2355 987 2404 p.
1000 2342 1062 2394 209.
1080 2342 1124 2390 nd.
1145 2343 1198 2396 ΟΜ.
1217 2343 1364 2404 „Pstiminr

168 2427 212 2482 clr.
232 2430 281 2478 (tic.
301 2429 392 2478 deor.
412 2433 432 2477 i.
452 2429 494 2478 tt.
510 2429 571 2479 25l.
592 2429 624 2478 ad
641 2431 748 2480 Herenn.
781 2431 807 2480 in
823 2430 932 2480 humeris
953 2428 1021 2496 (cod.
1035 2431 1084 2494 his)
1103 2431 1266 2480 iumentorum
1276 2432 1365 2481 nicene

168 2517 208 2567 iV.
227 2519 254 2570 5,
275 2517 300 2567 i.
321 2518 424 2579 hesych.
444 2531 469 2568 v.
488 2515 643 2570 Σικυώνια.
781 2521 807 2570 ct
823 2521 897 2582 vulgo
915 2520 1051 2588 appeliant,
1074 2521 1100 2568 et
1119 2521 1225 2570 Lucilius
1242 2521 1361 2583 meminit,

199 2606 243 2659 58.
261 2605 325 2657 rest.
337 2619 362 2666 p.
378 2605 439 2654 298.
453 2605 496 2655 lid.
509 2606 561 2656 oti.
582 2605 671 2664 „Solio
690 2605 749 2654 Osce
781 2617 862 2666 quum
874 2606 909 2654 ait
929 2605 991 2656 Μ’

169 2693 257 2742 dicitur
273 2693 301 2741 id
318 2692 385 2752 quod
401 2705 447 2740 nos
465 2692 750 2744 commiscerentur·
818 2692 860 2741 it.
880 2693 946 2742 rest.
972 2705 998 2755 p.
1019 2691 1080 2742 2⁷0.
1102 2705 1212 2754 „rumex
1227 2707 1302 2754 renus
1320 2696 1364 2746 teli

167 2781 255 2831 ditus:
274 2792 348 2828 conso
365 2791 454 2841 coeptio
471 2781 571 2827 omnino
589 2779 683 2828 dirimi
699 2793 749 2828 non
780 2781 858 2830 simile
876 2781 940 2841 spari
957 2780 1057 2841 Gallici,
1077 2780 1146 2830 cuius
1163 2781 1275 2830 meminit
1291 2785 1362 2834 huci-

165 2867 226 2918 sctlc
252 2869 371 2928 dupundi.
398 2880 444 2928 pro
465 2877 540 2916 occsa
563 2868 594 2916 ci.
620 2881 680 2918 cccc
704 2881 749 2930 prc
781 2857 828 2916 lius
849 2869 895 2921 etc.
930 2868 998 2918 Paul.
1017 2883 1043 2930 p.
1060 2869 1119 2917 itt.
1138 2881 1209 2929 spara
1226 2870 1363 2930 parvissimi

166 2958 259 3010 numu
276 2958 311 3006 ci..
328 2956 451 3010 radiarit.'’
468 2957 531 3009 Scul.
782 2958 877 3018 generis
887 2959 963 3008 iacula
981 2971 995 3006 a
1013 2957 1149 3020 spargendo
1161 2957 1225 3006 dicta
1240 2960 1317 3006 buc.”
1338 2960 1362 3010 in

203 3046 246 3094 59.
264 3046 328 3097 nest.
341 3059 367 3105 p.
384 3045 443 3094 itt.
457 3045 501 3094 nd.
517 3046 569 3096 oni.
590 3045 659 3108 „boc
677 3058 749 3096 versu
781 3046 842 3096 cod.
858 3048 961 3097 murices
972 3047 1100 3109 scripturn,
1111 3047 1156 3097 sed
1166 3048 1269 3096 rumices
1279 3060 1363 3098 emen-

166 3135 250 3184 buculi
265 3133 394 3195 significari
413 3133 448 3182 ait
461 3133 563 3184 Sinnius
582 3135 682 3197 capito,
700 3149 747 3184 ne·
782 3135 894 3186 dandum
901 3143 967 3198 esse,
987 3137 1054 3186 locus
1065 3149 1139 3198 supra
1155 3135 1269 3186 laudatus
1281 3136 1361 3190 dccet.

166 3236 238 3284 quarn
263 3235 316 3272 esse
339 3235 441 3284 aurum,
467 3223 622 3284 quodsum
648 3225 747 3287 hedat3
781 3221 827 3272 cir.
841 3226 909 3276 serr.
922 3227 1018 3276 inlisu.
1032 3228 1074 3275 xi.
1089 3225 1255 3288 682.N0n.p.
1269 3226 1361 3279 anub.

165 3313 206 3362 vol
227 3313 337 3374 pondero
362 3313 497 3372 inaurium,
525 3326 579 3362 curn
607 3312 750 3362 mollissima
782 3312 834 3360 tum
852 3323 922 3374 spara
938 3314 990 3362 turn
1008 3314 1112 3363 cimices
1124 3313 1169 3365 cir.
1188 3316 1250 3364 lion.
1265 3314 1324 3366 582.
1335 3316 1361 3363 b.

166 3413 222 3463 psrs
238 3401 304 3450 curis
321 3401 437 3452 inciditur
456 3402 496 3451 vel
513 3415 544 3452 ex
564 3414 622 3450 auro
646 3401 750 3463 intelligi
782 3400 870 3452 isidor.
890 3402 956 3462 orig.
975 3404 1027 3450 xli.
1049 3403 1075 3450 6.

167 3489 304 3550 pecuniam,
320 3490 395 3546 ,cuius
413 3492 525 3554 respectu
543 3492 570 3539 ct
585 3489 660 3540 nimia
677 3491 748 3552 cupi·
818 3489 860 3542 05.
881 3490 949 3538 Paul.
970 3503 997 3550 p.
1012 3489 1071 3540 528.
1096 3487 1142 3536 nd.
1164 3489 1216 3538 obt.
1246 3499 1361 3550 ,menar-

167 3577 242 3626 ditute
273 3578 378 3629 hominis
403 3579 434 3627 ad
457 3579 605 3640 peccandum
632 3578 748 3629 adduci.”
782 3577 831 3626 rosi
856 3579 886 3626 ab
907 3577 992 3627 eadem
1009 3587 1188 3638 squammarum
1204 3577 1363 3629 similitudine

167 3665 271 3726 Scaliger
298 3668 329 3715 ci.
365 3668 473 3728 Nequam
502 3673 537 3718 est
563 3681 653 3718 corum
682 3669 750 3717 auris
782 3666 855 3727 dicti,
876 3678 980 3728 qnorum
996 3667 1061 3714 cuth
1075 3665 1185 3726 exsurgit
1199 3666 1362 3717 chassidusur

167 3754 251 3817 psoius
275 3754 435 3804 vehementius
460 3756 544 3807 ambit.
570 3759 601 3808 al.
628 3758 658 3806 oi.
688 3759 750 3820 pund
782 3754 890 3805 illuviem
910 3755 1003 3804 Lucii.”
1021 3755 1086 3806 Fosi.
1107 3768 1132 3816 p.
1147 3755 1206 3806 500.

167 3843 311 3903 cis-qood
322 3842 348 3891 ci
361 3844 436 3894 Dusn.
456 3846 554 3906 punicis
566 3848 618 3897 oli.
633 3846 659 3894 in
672 3857 749 3894 unum
818 3844 861 3895 tt.
880 3846 948 3894 Paul.
961 3845 1003 3894 nd.
1017 3845 1069 3896 Oli.
1083 3857 1109 3904 p.
1123 3843 1183 3892 508.
1203 3878 1222 3907 ,,
1231 3846 1276 3894 suh
1288 3847 1361 3896 ritem

168 3930 373 3992 coniungentium,
407 3933 435 3980 ut
460 3933 492 3980 sit
515 3947 561 3994 pro
587 3935 748 3998 quodcunque
782 3933 862 3984 hastas
878 3933 958 3982 iacere
975 3931 1154 3992 dicitnrvetes,
1174 3941 1249 3993 quum
1265 3936 1362 3983 eassuh

166 4020 229 4073 sicut
245 4020 341 4082 potsque
365 4021 394 4068 ab
414 4021 590 4080 antiquioribus
605 4025 631 4072 et
647 4024 749 4073 inferio·
782 4035 855 4072 manu
882 4034 976 4070 sursum
1003 4020 1112 4069 mittit.”
1141 4024 1199 4072 Luc.
1227 4021 1271 4072 cir.
1297 4024 1360 4072 cht.

168 4110 202 4160 ris
220 4109 307 4158 aetatis
327 4108 486 4168 scriptoribus
507 4112 606 4170 ponitur
623 4124 667 4173 pro
690 4111 748 4174 qui·
782 4127 808 4174 p.
823 4112 884 4160 eiu.
904 4110 973 4159 Varr.
988 4109 1043 4162 lect.
1063 4109 1160 4158 subsisti
1174 4110 1236 4160 Sosi.
1256 4110 1360 4168 comisit,

168 4209 272 4260 mue.
291 4196 336 4246 cir.
360 4199 485 4259 supplem.
506 4200 567 4248 tun.
587 4200 618 4247 a'd
639 4214 666 4261 p.
689 4202 748 4250 lou.
783 4200 877 4250 subicit.

203 4287 245 4338 io.
265 4287 330 4335 rest.
351 4301 377 4348 p.
398 4287 460 4336 206.
480 4288 628 4338 senoricus
646 4289 752 4338 Lucilius
820 4288 937 4340 turco.
949 4303 973 4349 p.
981 4287 1042 4336 ino.
1050 4287 1153 4340 Edobl·
1164 4287 1364 4348 „supportanti-

166 4374 311 4437 apelauro
342 4377 459 4439 appellari
487 4376 626 4427 existimare
655 4379 753 4428 videtur
786 4379 829 4439 qui
847 4376 974 4438 dicebant,
995 4389 1066 4438 quem
1085 4389 1150 4426 nunc
1169 4375 1284 4436 supinum
1305 4375 1364 4424 dici-
