3286 5126
552 412 603 470 all
621 411 1002 473 &tricameratum
1296 433 1360 474 oxus

170 561 347 629 scalenos
371 573 480 624 verm
501 557 641 622 laudent.
669 559 730 622 alr.
752 559 816 622 cio.
837 560 878 622 de
898 567 1058 640 opt-gen.
1081 561 1136 622 Or.
1158 561 1211 624 Vl.
1235 560 1364 624 ileon

152 685 220 746 td.
244 683 430 762 ltil.'Eplst.
453 681 493 744 ad
513 681 552 760 Q.
573 682 623 742 llr.
646 683 698 744 lll.
720 683 750 744 t.
775 683 805 743 2.
831 681 1033 759 Quinctilium
1056 683 1108 745 lll.
1130 684 1159 744 t.
1182 683 1231 746 58.
1273 681 1362 760 Quae

96 833 102 844 ·
169 803 298 892 quidem
326 803 430 866 littera
455 803 554 867 omiti
579 809 700 884 potest,
730 803 902 868 omissionis
932 803 1020 882 signo
1045 804 1207 885 adposito,¹
1227 804 1308 868 siotu
1329 805 1363 866 in

170 925 720 1012 monumentis-orationispedestris
751 943 771 987 a
793 922 984 988 Schneidero
1004 927 1058 986 Gr.
1079 928 1113 988 L.
1137 929 1161 988 l.
1182 945 1214 1006 p.
1231 926 1299 988 atil.
1321 927 1360 988 ll.

169 1065 205 1128 p.
217 1049 286 1110 lli.
300 1047 433 1111 laudatis
440 1049 515 1120 rael
526 1045 747 1127 apostrophus,
768 1047 899 1110 omissae
919 1048 1042 1112 litterae
1056 1047 1191 1128 signum,
1214 1050 1362 1126 ponitur-r

171 1171 255 1232 vole
285 1169 389 1232 littera
414 1169 598 1250 exprimitur
618 1175 650 1230 et
674 1167 845 1232 lectoribus
865 1169 1034 1232 omittenda
1055 1170 1259 1248 relinquitur3
1280 1170 1366 1250 quod

172 1289 297 1372 quidem
316 1291 454 1354 manium
468 1293 504 1354 in
524 1308 585 1355 asu
605 1294 801 1372 scriptorum·
814 1292 949 1372 positum
976 1291 1072 1354 tuisse
1093 1291 1231 1358 videtur.
1271 1295 1365 1356 Gete-

170 1431 240 1478 rum
268 1431 283 1476 a
310 1413 403 1476 edom
419 1415 463 1476 ,in
484 1414 611 1476 Graecis
638 1413 800 1476 vocabulis
816 1414 856 1478 iu
883 1429 917 1476 os
942 1413 1160 1485 desinentibus
1182 1414 1285 1480 omisit
1303 1415 1384 1478 ota·

171 1534 233 1598 uic.
256 1534 295 1598 ue
318 1535 374 1599 ur.
396 1539 449 1598 m.
469 1510 518 1599 as.
542 1539 607 1598 am.

195 1703 200 1708 -
323 1659 467 1722 &assum
489 1657 591 1720 habeo
612 1674 786 1738 generum,
802 1675 842 1720 ne
863 1657 1099 1722 rhetoricotero'
1120 1666 1155 1723 tu
1174 1661 1227 1723 eis.
1283 1667 1285 1676 '

247 1779 310 1844 Sed
328 1781 470 1860 quamuis
490 1779 574 1860 apud
593 1781 817 1843 vetustissimos
836 1798 851 1842 a
870 1780 966 1842 wem
987 1781 1020 1842 iu
1041 1782 1142 1862 longis
1164 1782 1291 1862 syllabis
1303 1783 1366 1846 uim

167 1917 257 1966 suam
277 1903 460 1982 frequenter
479 1902 617 1964 amisisse
640 1901 818 1964 Priscianus
837 1909 948 1964 auctor
967 1903 1008 1966 eit
1024 1905 1048 1964 1.
1071 1922 1103 1984 p.
1118 1903 1186 1966 aaa.
1207 1905 1243 1966 P.
1265 1923 1297 1984 pa
1312 1902 1361 1966 ὅθ’.

168 2026 225 2086 llr.
244 2023 298 2102 qai
320 2023 446 2102 Virgilii-
461 2007 591 2086 ¹versum
618 2023 727 2087 laudat
736 2061 747 2098 ,κ
775 2025 853 2088 Aen.
877 2027 946 2088 ΧΗ.
965 2025 1035 2088 709.
1074 2028 1161 2088 luter
1185 2044 1221 2088 se
1251 2027 1363 2092 coiisse

169 2145 256 2208 viros
275 2152 308 2208 et
331 2144 502 2210 decernere
525 2145 634 2208 terro’'
663 2145 718 2208 ubi
739 2146 875 2236 editores
901 2154 1021 2214 tantum
1044 2166 1108 2210 uon
1128 2165 1235 2210 omnes
1255 2155 1365 2212 contra

170 2267 267 2330 Codd.
290 2285 410 2332 caraem
430 2268 637 2334 emendarunt
648 2288 658 2341 ;
679 2261 712 2330 et
725 2267 1097 2346 Quinctilianusoitettrr,
1120 2271 1183 2349 spui
1191 2271 1365 2350 duapondo,

170 2393 318 2472 trepondo
337 2399 424 2474 reate
445 2392 507 2454 dici
525 2389 704 2465 confirmat,
727 2397 832 2454 tamen
850 2393 1020 2454 etiamnum
1034 2392 1159 2467 dubito,
1181 2409 1255 2454 num
1276 2391 1367 2454 Luci-

170 2513 231 2576 lius
249 2515 401 2578 eiusmodi
421 2509 558 2596 syllabae
580 2514 777 2578 omissionem
796 2515 975 2588 admiserim
1002 2533 1074 2578 nam
1094 2515 1177 2594 quod
1199 2515 1366 2596 Vargesins

172 2653 231 2716 pro
244 2639 395 2717 exemplo
415 2637 541 2711 laudat,
572 2636 656 2715 quod
682 2637 724 2700 cal
749 2638 846 2697 irrito
872 2636 990 2698 dictum
1017 2637 1059 2698 tit
1085 2637 1279 2717 prometur
1306 2637 1365 2700 cir,

169 2759 223 2820 lll.
245 2757 295 2820 50.
325 2757 358 2818 id
374 2813 376 2822 ,
390 2759 454 2819 iam
469 2758 577 2831 ,altero
604 2759 687 2832 loeo,
716 2757 773 2820 uiri
796 2758 879 2819 idem
899 2757 1019 2820 ocurrit
1044 2759 1139 2820 xvii.
1158 2757 1188 2819 li.
1209 2759 1251 2819 od
1270 2759 1366 2820 incito

39 2927 40 2930 ,
170 2879 270 2960 adicit
298 2879 471 2954 refutatur,
503 2879 558 2948 ulai
573 2903 576 2910 ’
591 2887 721 2960 propter
749 2887 932 2959 sequentem
963 2880 1102 2955 yooalenr
1135 2877 1214 2942 haee
1242 2879 1367 2943 omissio

167 3001 387 3070 durissimam
408 3003 502 3082 plane
522 3001 719 3064 intoleranda
739 3002 832 3066 soret.
965 3015 969 3024 '

250 3125 396 3186 Ceterum
423 3121 484 3187 hoo
511 3143 568 3204 per
591 3143 624 3187 se
649 3125 848 3208 mani-testum
869 3131 933 3200 est,
957 3125 1096 3192 litteram
1121 3145 1136 3188 a
1158 3125 1193 3187 in
1207 3123 1368 3196 ¹brevibus

171 3247 297 3326 syllabis
317 3247 345 3308 ia
365 3252 397 3309 et
416 3265 471 3318 aa,
486 3247 549 3309 ‘nbi
567 3226 743 3310 romanens
763 3247 915 3326 seqnitur,
940 3254 973 3309 et
990 3247 1064 3327 poni
1089 3255 1121 3310 et
1141 3245 1240 3322 omitti
1263 3265 1364 3329 posse,

170 3367 213 3430 ita
232 3376 269 3430 ut
286 3376 379 3452 poeta
402 3370 487 3432 nulla
505 3370 577 3449 lege
597 3369 765 3432 obstrictos
783 3375 938 3432 teneatur.
977 3370 1040 3432 Set
1068 3370 1178 3432 axilla
1203 3371 1378 3434 omissione*

170 3493 363 3572 synaloephe
382 3493 503 3570 oritur:
523 3505 586 3572 quo
605 3509 646 3554 ex
670 3509 787 3572 genere
807 3477 965 3570 sperarat,
986 3491 1227 3569 Metrophanem,
1249 3491 1369 3569 priores

171 3613 306 3677 editores
326 3621 492 3687 notarunt,
514 3633 592 3694 quas
612 3613 805 3676 necessarios
825 3627 889 3676 nou
904 3619 1086 3692 'msesupra
1107 3610 1251 3674 vidimus.
1284 3613 1368 3674 ileli-

171 3752 265 3816 qnam
297 3737 473 3816 prosodiam
506 3738 589 3818 quod
616 3737 744 3813 attinet,
780 3735 911 3800 eandem
939 3736 1058 3799 Lucilio
1084 3737 1179 3800 luisse
1208 3737 1366 3799 licentimn

172 3875 265 3938 quam
282 3859 427 3921 Terentio
444 3867 558 3936 statuo,
579 3861 638 3923 nisi
651 3859 736 3939 quod
755 3867 863 3930 versus
883 3858 1083 3923 hexametros
1096 3859 1266 3939 dactylicos
1279 3877 1368 3923 eove-

172 3979 308 4042 rioribus
326 3980 449 4060 legibus
473 3983 638 4046 adstrictos
659 3989 726 4045 esse
747 3990 869 4045 constat
890 4000 982 4064 quam
1003 3983 1141 4046 senarios
1167 3990 1198 4046 et
1218 3983 1367 4046 iambicos

173 4101 422 4178 attractatam,
452 4106 505 4182 qui
533 4107 692 4186 vulgarem
723 4124 813 4168 usum
843 4105 991 4185 loquendi
1021 4112 1057 4166 et·
1081 4105 1366 4186 pronuntiationem

174 4231 357 4304 sequuntur.
409 4227 522 4288 Contra
552 4228 688 4292 Lucillus
717 4247 754 4291 co
785 4231 881 4291 multo
913 4228 1063 4291 maiorem
1092 4229 1268 4291 libertatem
1308 4228 1368 4291 sint

143 4411 145 4416 .
175 4347 315 4430 peperit,
340 4349 424 4436 quod
449 4364 483 4416 ec
502 4351 878 4434 Graecomtmpoetamm
900 4350 1051 4432 exemplis
1070 4349 1188 4413 instrui
1211 4349 1365 4424 arluino
