3274 5134
502 427 555 483 EX
578 425 800 491 snuuaultll
822 427 894 500 [AB.
916 427 1025 488 XXlX.
1322 434 1356 488 67

160 573 209 636 30.
238 573 326 636 Haec
346 577 395 634 est
415 572 517 646 ratip:
537 591 690 660 pervorsa
710 593 806 640 aera:
830 591 952 645 summa
968 580 1001 638 33
1017 577 1174 642 subducta
1193 578 1354 660 improbe⁸¹

160 689 210 749 31.
238 688 361 750 Eodem
382 703 456 754 uno
467 685 501 751 hi
521 686 618 748 modo
639 689 778 752 rationes
799 689 980 754 subducent
997 709 1082 754 snas

162 803 210 863 32.
240 805 306 882 Age
339 821 424 866 nunc
455 820 612 870 summam
645 808 766 866 sumtus
799 803 860 868 duc
894 810 990 888 atque
1024 805 1106 894 aeria
1142 808 1236 871 simul
1270 807 1352 874 adde

813 917 920 982 alieni.
1000 985 1002 989 ,

162 1032 211 1100 33.
243 1031 394 1096 Chironia
414 1039 446 1116 33
466 1051 531 1096 333
550 1033 712 1116 mortifera
734 1035 866 1098 allectus
885 1035 1011 1101 vomica
1031 1041 1063 1100 et
1081 1035 1224 1100 vulnere.

163 1148 211 1209 33.
243 1148 359 1229 Magno
380 1153 444 1222 333,
465 1165 530 1210 333
552 1166 667 1228 magna
680 1148 844 1225 mercede,
870 1168 987 1231 magno
1000 1151 1089 1234 quod
1109 1131 1312 1217 conduxeris.

162 1262 211 1324 35.
240 1263 276 1324 ln
294 1281 356 1356 'me
385 1261 448 1323 illis
478 1279 568 1342 spem
598 1279 668 1326 esse
696 1281 842 1337 omnem,
876 1264 988 1346 quovis
1018 1283 1115 1346 posse
1143 1284 1196 1326 me
1227 1267 1354 1351 emungi

818 1377 908 1444 bolo.

163 1492 212 1552 35.
241 1491 310 1554 Non
330 1491 450 1553 rediret
471 1492 511 1552 ad
532 1509 583 1565 sc,
608 1497 703 1574 alque
724 1492 813 1555 illam
834 1491 1046 1557 exterminare
1067 1493 1226 1566 miseram.

163 1607 211 1667 37.
242 1607 320 1668 Nato
342 1606 420 1688 qnid
440 1612 555 1692 actum,
567 1609 638 1670 asti
661 1606 793 1692 depilati
813 1625 925 1671 omnes
945 1626 1066 1670 sumus.

163 1721 211 1783 38.
242 1721 407 1793 Dividunt,
432 1720 596 1794 differant,
620 1721 795 1802 dissipent,
823 1721 1009 1786 distrahant.

162 1835 210 1898 33.
241 1835 416 1918 Colligere,
439 1835 593 1900 auxilium
614 1835 738 1902 tametsi
760 1839 808 1901 cst
829 1833 962 1918 indigua
981 1840 1015 1896 ut
1033 1834 1143 1899 feram.

165 2041 272 2048 „na—⁴
279 2041 357 2048 ἢ*

167 2165 253 2214 musa.
298 2163 406 2213 mortam
445 2164 516 2214 iliam
555 2166 643 2232 idem·
684 2168 746 2215 male
780 2167 897 2229 explicat.
908 2168 978 2223 unde
995 2169 1114 2232 sequitur,
1136 2181 1190 2246 cum
1211 2172 1302 2220 cornico
1318 2175 1356 2222 33-

164 2255 307 2316 utrumqne.
675 2311 676 2316 ,
779 2255 856 2318 guae,
874 2269 925 2308 nou
942 2257 1046 2306 uomicae
1063 2255 1131 2320 quod
1152 2257 1220 2344 facile
1242 2259 1340 2308 alicui
1333 2273 1358 2308 ιιι

201 2343 245 2391 50.
267 2344 331 2393 Non.
349 2355 376 2404 p.
390 2343 432 2391 55.
447 2355 470 2395 a.
489 2342 671 2392 3333333333.
690 2339 747 2392 iaco
778 2346 886 2394 mentem
903 2343 1007 2398 venerit.

166 2433 201 2478 cet
223 2431 288 2479 ratio
311 2431 369 2480 ante
385 2433 418 2480 ll.
446 2444 541 2480 comma
563 2431 632 2482 auid.
661 2433 693 2481 ci.
713 2434 745 2482 Μ.
815 2433 856 2484 53.
873 2436 936 2482 Non.
964 2447 988 2495 p.
1010 2433 1069 2486 387.
1092 2435 1117 2486 b.
1148 2446 1237 2498 mcpno
1261 2440 1284 2485 ct
1307 2449 1358 2484 nou

165 2531 273 2570 aurumne
288 2518 357 2570 3333.
377 2519 409 2573 ci
427 2521 489 2572 soal.
511 2534 606 2585 cummp
626 2524 662 2572 cat
678 2519 745 2591 auid
778 2523 861 2584 Dusa3
884 2534 974 2585 moeno
995 2523 1088 2586 quidem
1112 2525 1182 2576 cond.
1201 2525 1230 2574 A
1248 2526 1321 2579 Duaa
1341 2529 1359 2576 l

168 2607 199 2654 ci.
218 2609 352 2658 caeamon.
737 2652 741 2661 ,
781 2609 853 2668 lego:
873 2621 959 2670 magno
978 2610 1030 2670 333,
1056 2623 1108 2658 non
1131 2589 1217 2672 magna
1238 2612 1359 2676 mercede,

203 2695 247 2744 53.
267 2696 327 2744 Non.
346 2706 373 2754 p.
387 2694 447 2740 273.
461 2707 484 2742 a.
510 2695 644 2744 errationes
660 2693 749 2742 uddu-
781 2707 868 2766 magno
887 2695 955 2761 qnod
972 2696 1117 2746 conduxeris
1131 2698 1152 2771 3.
1169 2711 1195 2747 3.
1214 2712 1296 2748 carum
1313 2704 1359 2770 cst,

170 2783 231 2831 cerel
243 2781 320 2832 Codd.
340 2780 593 2830 ratioocaauddcccrct
608 2785 629 2831 l.
649 2781 750 2830 lortaaae
782 2795 868 2843 magno
885 2783 993 2848 constat,
1018 2783 1129 2837 sednon
1147 2799 1233 2846 magna
1250 2787 1361 2836 mercede

168 2862 328 2921 cormerico
344 2867 475 2930 legendum
493 2871 539 2918 333.
620 2919 622 2924 ,
782 2871 892 2933 paratum
912 2873 964 2932 333,
984 2869 1050 2933 qnod
1067 2885 1160 2924 merces
1177 2873 1359 2938 detrimentum,

103 2981 107 2990 ·
205 2957 330 3008 521333.
349 2971 373 3020 p
388 2957 447 3028 l9A.
466 2970 490 3010 n.
519 2960 591 3022 atquc
608 2960 660 3008 ucri
677 2957 751 3008 timul
781 2959 874 3009 cladem
895 2959 1019 3022 significat.

172 3017 500 3110 corrumpundum
519 3045 642 3100 clicuiA.
663 3050 684 3100 3.
705 3051 750 3104 dac-
818 3049 860 3097 55.
880 3049 984 3111 Noup.
998 3048 1040 3098 23.
1052 3063 1074 3102 a.
1097 3051 1126 3101 tn
1144 3051 1221 3102 uoltu
1241 3064 1305 3114 apem
1323 3055 1361 3101 W.

171 3137 211 3188 ccl
227 3136 267 3184 ani
282 3136 347 3184 acria
357 3133 555 3196 simulatqueal.
574 3135 605 3184 ci
618 3137 637 3187 1.
650 3135 749 3186 Gruter
783 3137 850 3188 IAA.
862 3139 883 3186 1.
894 3139 1000 3188 Duae.
989 3151 1018 3188 m
1036 3138 1141 3190 ductilia
1159 3141 1236 3192 3585.
1254 3140 1361 3192 33333.

169 3223 196 3274 in
215 3223 401 3296 suspicionibus.
427 3221 501 3272 aimcl
524 3226 597 3286 atpcc
616 3223 653 3272 al.
674 3227 750 3274 Duae.
784 3225 866 3278 Carrio
886 3228 907 3276 1.
929 3227 971 3280 35.
988 3229 1057 3276 Frut.
1084 3241 1176 3290 poeecm
1203 3231 1304 3293 cmcnpr·
1322 3232 1361 3278 w.

171 3314 233 3362 acria
244 3325 265 3361 a.
280 3313 339 3362 addc
355 3308 394 3364 33.
413 3312 490 3362 codd.
511 3311 576 3373 quod
596 3324 672 3363 unum
690 3325 750 3375 pro·
783 3315 809 3364 7..
822 3315 848 3360 A.
861 3317 881 3362 l.
903 3314 980 3364 3535.
998 3317 1074 3367 Duaa.
1099 3315 1154 3368 coln
1178 3322 1233 3367 rer.
1252 3318 1361 3366 emanat.

170 3399 287 3452 bandum.
782 3411 850 3461 pocae
861 3413 898 3450 mc
912 3415 958 3452 ern.
973 3402 1025 3451 tolo
1042 3404 1072 3450 ci.
1086 3405 1168 3454 carrio
1185 3405 1253 3454 Frnt.

98 3543 99 3546 Ἴ
205 3489 248 3540 55.
268 3491 329 3540 Non.
348 3502 372 3551 p.
389 3490 447 3544 327.
467 3503 492 3540 a.
525 3489 642 3540 Chironia
659 3491 683 3537 33
702 3501 752 3538 noo
820 3489 862 3541 56.
880 3491 940 3542 Non.
958 3504 984 3554 p.
1000 3489 1041 3540 38.
1054 3491 1079 3540 3.
1103 3491 1266 3540 exterminare
1285 3492 1362 3544 3333.

172 3575 298 3634 mortifero
314 3577 419 3637 adfectus
439 3579 534 3630 aornim
551 3581 575 3628 et
591 3576 698 3628 coluere.
718 3577 753 3628 ita
785 3577 959 3629 catcnoiocrct
978 3578 1053 3628 Editt.
1076 3579 1120 3628 sed
1140 3579 1264 3628 nonsatis
1282 3592 1365 3629 caueae

171 3663 240 3712 13333
251 3664 393 3714 scribendus
410 3667 453 3718 333.
468 3667 511 3716 ned
528 3667 555 3715 ln
567 3664 654 3716 codiee
672 3665 752 3726 scrip·
786 3667 840 3727 eat,
858 3667 887 3715 ut
903 3678 956 3715 ca·
967 3679 992 3714 rc
1010 3666 1163 3719 emendetur.
1177 3694 1191 3704 -
1204 3667 1239 3714 ιε’
1256 3668 1286 3720 ci.
1300 3671 1329 3718 G.

173 3754 226 3800 tum
248 3753 302 3800 eat:
327 3755 433 3818 pyroum
457 3759 480 3806 et
502 3767 555 3806 ιιωι
578 3753 703 3814 mutitcro
722 3755 754 3801 33
821 3737 862 3806 57.
882 3756 942 3805 Non.
963 3768 987 3818 p.
1001 3753 1043 3807 25.
1056 3769 1077 3808 a
1096 3755 1366 3808 winomadum

171 3837 248 3898 sectae
267 3841 359 3888 comico
376 3845 399 3891 ct
416 3839 519 3891 uulnera
542 3855 604 3905 qnae
620 3841 681 3897 3333
695 3854 752 3892 cor·
787 3843 816 3894 ci.
836 3845 909 3895 Mera.
929 3855 1005 3891 narro
1023 3844 1084 3905 quod
1101 3843 1132 3891 ci.
1151 3845 1228 3893 Palm.
1247 3859 1272 3908 p.
1289 3847 1347 3898 357.

175 3927 324 3988 rupturum
345 3927 376 3978 de
388 3929 501 3980 Chirouio
516 3931 617 3985 vulnere
628 3930 676 4000 ptr.
689 3931 751 3981 cele.
821 3930 865 3979 58.
882 3931 945 3980 Non.
965 3945 991 3993 p.
1007 3932 1066 3980 397.
1079 3945 1102 3980 a.
1122 3933 1209 3985 Cretici
1227 3935 1292 3992 aunt.

176 4029 201 4066 v.
215 4015 259 4064 28.
280 4016 305 4065 5.
324 4018 349 4066 33
366 4017 438 4078 Apul.
457 4017 488 4066 de
505 4018 587 4070 herbis
604 4033 625 4070 c.
639 4019 681 4083 22.
694 4017 756 4092 ,333-
822 4019 865 4069 53.
883 4019 943 4070 Non.
955 4033 981 4082 p.
995 4019 1055 4068 207.
1070 4019 1095 4072 3.
1113 4020 1223 4090 ccllipera
1235 4021 1366 4080 auxilium,

172 4116 233 4152 nero
251 4104 367 4166 scriptum
379 4105 480 4168 propter
492 4085 636 4166 antecedens
650 4108 753 4160 ommia.
789 4107 885 4158 lamclci
909 4110 945 4156 ael
966 4107 1070 4171 iudlpoc
1087 4111 1116 4157 33
1137 4109 1215 4170 feram
1232 4108 1309 4163 codd.
1328 4109 1369 4157 in-

173 4190 224 4242 iam
248 4192 299 4258 ipae
322 4194 393 4258 Nonii
419 4193 548 4256 explicatio
567 4196 687 4264 pessima,
714 4197 757 4259 qni
788 4195 874 4259 dipou’
892 4195 923 4246 ci.
941 4197 1060 4246 Paescrat.
1083 4196 1113 4246 de
1137 4184 1211 4250 Fabio
1237 4199 1320 4250 cunct.
1343 4201 1370 4246 ct

173 4280 267 4346 comica
284 4295 331 4351 prp
348 4282 436 4333 neutro
454 4280 544 4344 plurali
559 4281 755 4344 3333333333-
788 4283 907 4346 rainucio,
934 4277 1031 4348 diune]
1055 4285 1135 4348 inquit
1153 4287 1186 4336 Μ.
1208 4285 1230 4356 l.
1253 4271 1370 4350 33333333

171 4367 226 4428 tur,
246 4367 321 4430 idque
331 4383 439 4422 3333333
451 4369 503 4420 loco
519 4372 543 4420 el
553 4372 672 4425 vetustate
682 4385 757 4445 caasa
778 4372 825 4432 ,3.
838 4374 908 4422 Paul.
931 4373 1032 4448 Merula.
1052 4357 1185 4453 Fussnuep.
1212 4374 1307 4428 tumeler·
1328 4374 1371 4448 tn-
