3286 5126
274 427 309 471 cs
599 407 702 478 QUAE
722 407 1143 476 uucstitueusawttffl

273 553 413 626 eandem.
425 553 557 619 formam
575 555 612 618 iu
629 557 791 626 nonnullis.
810 555 898 618 libris
916 555 1092 653 retinuerit.
1124 556 1228 618 lirant
1250 555 1331 622 haee
1361 559 1465 638 potius

273 678 390 745 vetoris
401 677 647 758 vestigiorum,
669 695 751 757 quae
762 680 893 742 Saturae
906 679 1034 758 originis
1046 681 1229 743 memoriam
1248 681 1445 744 retinuerunt
1451 701 1462 754 ς

273 799 346 864 olim
366 799 447 864 enirn
469 801 548 862 varii
570 801 619 862 illi
638 818 749 866 versus
776 818 816 862 ex
842 808 983 881 tempore
1008 801 1232 877 tundebantur,
1259 807 1348 868 euius
1369 807 1465 875 moris

273 920 358 984 haud
386 921 481 987 dubie
515 923 584 1002 ipse
610 923 746 988 Lucilius
773 941 892 992 memor
917 925 1046 988 schedia
1075 926 1129 987 illa
1149 929 1360 1002 memoravit,
1383 945 1464 1007 qnae

273 1051 386 1124 poetae
422 1063 485 1108 noa
519 1046 698 1126 praeparati
726 1046 783 1108 sed
811 1047 968 1126 repentini
997 1045 1190 1119 recitabant3
1223 1065 1306 1126 quae
1338 1049 1464 1128 quidem

271 1161 598 1252 αὐτοσχεδιάσματα
618 1167 799 1241 Aristoteles
832 1175 919 1230 reete
948 1168 1195 1248 antiquissimum
1229 1187 1328 1250 genus
1361 1173 1465 1251 poesis

273 1288 369 1354 {nime
396 1289 552 1353 existimat
578 1290 635 1351 cir.
657 1306 752 1369 supra
779 1308 810 1369 p.
826 1291 916 1360 LXX.
958 1293 1180 1360 caeterum'iu
1203 1291 1333 1358 dubium
1359 1294 1466 1358 vocari

273 1411 325 1474 vir
351 1417 470 1490 potest,
505 1429 567 1472 non
597 1411 746 1478 maiorem
775 1418 944 1477 metrorum
975 1421 1007 1476 et
1032 1431 1178 1476 versuum
1205 1431 1299 1492 quam
1324 1415 1465 1494 ipsorum

273 1539 526 1612 argumentorum
549 1532 644 1600 tuisse
657 1535 861 1606 vadetatem
882 1551 962 1613 quae
982 1552 1045 1596 non
1065 1535 1157 1615 plane
1170 1531 1296 1613 quidam
1309 1535 1465 1600 monneto

273 1661 305 1716 et
323 1653 407 1718 iuter
420 1672 454 1716 se
467 1653 626 1724 dissimilia
647 1655 747 1730 luere,
766 1656 821 1721 sed
842 1657 944 1736 potius
963 1656 1002 1718 ad
1023 1655 1154 1722 eandem
1167 1675 1234 1718 rem
1249 1658 1466 1724 illustrandam

273 1777 474 1858 pertinuere;
496 1778 551 1841 sed
570 1784 675 1842 tamen
697 1787 816 1842 certam
836 1780 991 1859 quandam
1013 1799 1118 1844 rerum
1139 1788 1171 1844 et
1189 1798 1336 1844 sensuum
1356 1779 1464 1844 diver·-

273 1901 396 1966 sitatem
415 1902 651 1982 ipsa-orationis
671 1902 770 1964 forma
789 1903 1019 1966 indicauerunt.
1060 1903 1153 1968 cuius
1165 1903 1291 1982 quidem
1305 1903 1466 1967 varietatis

273 2025 449 2103 exemplum
477 2041 515 2086 ex
541 2025 638 2104 ipsius
665 2025 754 2086 Ennii
774 2025 919 2105 Scipione
944 2027 1012 2106 peti
1032 2042 1123 2106 posse
1142 2027 1325 2090 novissimus
1344 2028 1464 2116 Varr07

272 2147 385 2210 uianae
400 2147 537 2238 Saturae¹
549 2145 651 2208 editor
670 2145 796 2240 statuit,
822 2147 955 2221 nescius,
978 2125 1056 2226 quos
1074 2166 1131 2227 pro
1153 2149 1299 2212 Ennianis
1312 2148 1462 2222 laudavit,

274 2286 342 2332 esso
360 2269 457 2349 ipsius
477 2269 599 2349 Virgilii
617 2284 745 2341 versus,
774 2286 813 2332 ex
828 2269 987 2331 Aeneidos
1008 2269 1090 2332 libro
1118 2277 1207 2332 sexto
1225 2289 1271 2338 vs.
1290 2272 1444 2334 itt-tto
1453 2291 1463 2346 ς

274 2391 330 2456 sed
351 2391 434 2470 quod
454 2391 574 2472 Virgilii
595 2407 709 2455 nomeu
734 2390 817 2469 apud
839 2391 1028 2452 Macrobinm
1054 2392 1245 2456 Saturn.-Vl.'
1260 2393 1290 2452 2.
1316 2411 1379 2454 nou
1401 2393 1467 2457 tuit

273 2513 508 2594 interpositum,
529 2512 650 2582 librarii
669 2512 791 2574 incuria
811 2511 923 2586 oredo,
947 2513 1002 2576 ille
1018 2512 1127 2576 miram
1149 2513 1304 2590 qua-udam
1318 2531 1467 2578 versuum

273 2635 449 2706 iuncturam
469 2635 576 2708 finxit,
609 2634 649 2696 ab
670 2635 838 2704 Horatiana
859 2651 921 2696 non
947 2634 1144 2701 dissimilem:
1174 2679 1195 2709 ‚,
1208 2636 1347 2700 llumano
1369 2637 1467 2716 capiti

279 2759 434 2822 ceruicem
455 2759 557 2837 pictor
576 2757 722 2836 equinam
742 2758 874 2836 iungere.
893 2759 922 2822 si
944 2759 1019 2825 velit
1040 2765 1073 2820 ot
1096 2759 1199 2824 varias
1223 2757 1380 2821 inducere·
1393 2761 1467 2839 pln-

275 2901 365 2958 masp
389 2880 537 2960 'nudique
572 2879 692 2940 collatio
720 2879 884 2955 membris,
920 2887 956 2941 ut
988 2881 1122 2960 turpiter
1150 2887 1253 2944 atrum
1283 2881 1406 2945 desinat
1432 2879 1466 2942 iu

275 3007 393 3086 piscem
423 3001 535 3066 mulier
558 3001 693 3066 formosa
712 3018 869 3081 superne3
900 3009 1073 3082 spectatum
1099 3003 1225 3066 admissi
1244 3007 1340 3068 risum
1359 3014 1468 3068 teum-

275 3129 313 3190 tia
333 3127 469 3196 amicit”
508 3127 584 3187 Nam
602 3143 667 3190 nno
684 3125 857 3203 eodemque
880 3126 950 3188 looo
969 3125 1003 3186 in
1023 3125 1134 3204 eodem
1161 3135 1346 3206 argumento
1367 3127 1464 3188 silen-

195 3231 197 3235 ’
275 3251 351 3332 tium
371 3249 470 3311 noetis
491 3248 657 3334 octonariis
678 3247 856 3320 trochaicis,
882 3254 916 3310 et
937 3248 1092 3327 lignorum
1113 3256 1146 3310 et
1167 3248 1466 3313 arbornm'eaedeur

274 3373 415 3436 versibus
437 3368 627 3432 hexametris
647 3369 810 3450 dactylicis
829 3364 1016 3434 illustratam
1036 3369 1146 3444 fuisse,
1168 3369 1229 3433 hoe
1243 3373 1413 3452 egregium
1433 3379 1465 3434 et

275 3493 476 3571 memorabile
500 3492 624 3564 Oehlori
652 3493 813 3556 inventum
832 3493 902 3554 esti
943 3491 1005 3554 Sed
1032 3499 1165 3554 metrum
1192 3493 1226 3556 in
1248 3495 1302 3558 illo
1328 3499 1465 3558 carmine

275 3619 408 3690 variasse
434 3614 610 3701 testimonio
633 3621 686 3677 est
713 3615 791 3678 alins
818 3631 924 3678 versus
951 3613 1137 3694 quadratus,
1165 3627 1258 3694 quem
1280 3618 1325 3678 ol.
1349 3617 1465 3682 Gellius

273 3745 310 3806 N.
334 3743 371 3804 rt.
391 3737 546 3805 servavit:

464 3861 526 3938 Qui
545 3863 675 3944 propter
694 3857 876 3924 Hannibalis
896 3860 1002 3940 eopias
1022 3851 1258 3934 consederant.

350 3985 421 4064 Qua
435 3982 561 4062 quidem
581 3999 729 4049 versuum
749 3973 901 4046 varietate
920 4000 992 4044 cum
1014 3983 1067 4044 alii
1087 3982 1405 4064 adductiseipiouem
1423 3985 1464 4046 ab

276 4109 371 4175 tuoto
401 4107 434 4168 iu
449 4105 573 4167 Saturis
600 4104 803 4186 celebratum
818 4105 914 4168 fuisse
945 4105 1005 4168 sibi
1031 4107 1274 4185 persuasissent,
1302 4106 1387 4170 idem
1410 4107 1465 4170 ille

277 4236 441 4314 peracutus
459 4226 554 4290 homo
574 4227 813 4298 animadvertit:
844 4228 1006 4308 „Egregie
1026 4228 1095 4292 talsi
1113 4235 1188 4293 suut
1206 4227 1348 4308 qmdam,
1368 4247 1465 4308 quum

277 4357 356 4418 hauc
373 4358 544 4420 metrorum
566 4350 714 4429 carminis
730 4349 915 4424 sauciatam
934 4368 992 4432 pro
1011 4351 1133 4421 satirae
1151 4355 1240 4436 signo
1258 4348 1414 4417 haberent
1433 4359 1465 4416 et
