3250 5136
307 449 355 504 tio
684 441 917 504 TESTIMONIA
934 439 1116 498 VETERUM

385 590 558 653 uberibus:
589 590 771 673 squalentes
799 597 830 650 et
856 588 954 651 ieiuni
976 587 1052 650 dicti
1081 607 1139 669 pro
1160 587 1353 669 gracilibus:
1380 587 1504 650 incerti

383 711 415 768 et
436 704 576 786 ambigui
597 723 654 786 pro
671 701 901 766 mediocribus.
931 702 1013 765 Vera
1028 711 1133 764 autem
1147 709 1179 763 et
1192 701 1324 784 propria
1343 701 1504 763 huiusce-

383 819 470 882 modi
495 818 667 882 lormarum
694 818 840 899 exempla
870 818 903 880 iu
934 817 1046 878 Latina
1075 817 1199 899 Lingua
1225 816 1266 878 Μ.
1291 817 1389 882 Varro
1421 835 1500 879 esse

384 935 476 1007 dicit,
503 933 656 996 ubertatis
683 933 871 996 Pacuvium:
906 931 1088 1014 gracilitatis
1110 931 1289 992 Locrorum:
1322 931 1498 994 mediocri-

385 1049 458 1109 tatis
483 1048 676 1110 Terentium.

627 1194 768 1255 Eiusdem
789 1213 825 1254 eu
845 1195 897 1256 tib.
919 1195 1026 1254 XVII.
1051 1211 1117 1272 cup.
1139 1193 1168 1252 o.

223 1297 225 1302 ⁸
308 1316 357 1376 tt.
388 1316 540 1378 Lucmrus
561 1317 607 1377 vir
627 1316 769 1397 apprime
789 1315 917 1399 linguae
938 1316 1070 1379 Latinae
1089 1316 1193 1378 sciens
1216 1334 1332 1398 equum
1348 1315 1498 1396 equitare

387 1429 463 1490 dicit
482 1429 532 1492 his
552 1430 696 1490 versibus
717 1436 777 1491 etc.

532 1574 685 1636 lactantii
704 1594 740 1636 ee
759 1577 904 1636 mutuor.
927 1579 1002 1636 inst.
1026 1577 1078 1639 lib.
1100 1579 1128 1637 1.
1150 1595 1216 1655 cup.
1239 1577 1268 1637 9.

312 1697 360 1758 td.
390 1695 475 1771 Quid
495 1704 545 1769 tu,
571 1697 694 1780 inquiet
714 1698 847 1779 aliquis,
872 1698 1017 1779 poetisne
1038 1698 1233 1760 credendum
1254 1701 1371 1779 putas?
1395 1699 1501 1773 Quid-

385 1811 416 1872 ni
441 1812 574 1891 putem?
614 1811 683 1874 Non
712 1812 795 1874 enim
821 1813 880 1874 ista
907 1813 1057 1875 Lucrinus
1088 1820 1210 1886 narrat,
1240 1820 1293 1874 aut
1321 1813 1495 1888 Lucienus,

387 1925 439 2008 qui
462 1925 522 1986 diis
544 1932 574 1985 et
594 1923 776 1988 hominibus
800 1945 863 1988 non
882 1929 1036 2009 pepercit.

551 2072 698 2133 Macrobii
716 2091 753 2133 aa
773 2073 930 2135 saturnal.
954 2075 1006 2134 til.
1030 2075 1092 2134 m.
1115 2093 1181 2153 cup.
1203 2075 1248 2136 iti.
1347 2067 1351 2072 ’

309 2193 358 2254 ti.
384 2193 536 2256 Lucrmus
558 2212 632 2256 acer
652 2201 683 2256 et
703 2195 861 2257 violentus
882 2203 989 2277 poeta.

350 2361 525 2438 Hieronym.
550 2361 661 2421 Cicron.
685 2360 761 2439 Opp.
786 2363 876 2422 Viti.
894 2363 961 2422 577.
986 2366 1121 2424 Veronae
1144 2367 1227 2425 lato.
1250 2367 1306 2426 Ed.
1329 2367 1456 2428 Vulurs.

311 2480 360 2541 ld.
391 2481 441 2542 Ol.
466 2481 531 2542 158.
568 2481 708 2543 Lucilius
729 2489 824 2563 poeta
845 2483 1002 2558 nascitur;
1031 2484 1244 2567 descriptione
1265 2487 1384 2550 Romae
1412 2488 1498 2551 iacta

385 2597 513 2659 inventa
535 2604 607 2659 sunt
626 2596 791 2659 horminum
816 2598 953 2660 CCCXX
972 2600 1070 2663 milia.

389 2709 440 2772 Ol.
463 2710 529 2772 159.
546 2710 667 2793 =Soipio
690 2713 898 2776 Numantinos
920 2716 1084 2777 subvertit.

388 2825 439 2888 01.
462 2826 528 2888 169.
561 2827 721 2908 Turpilius
744 2828 891 2892 Comicus
920 2849 1019 2893 senex
1040 2832 1212 2896 admodum
1236 2832 1407 2896 Sinuessae
1428 2854 1499 2897 mo-

1611 811 1613 878 l

387 2939 476 3002 ritur.
519 2939 613 3003 Caius
648 2941 789 3004 Lucilius
819 2943 992 3007 Satirarum
1019 2946 1155 3027 scriptor
1189 2947 1322 3027 Neapoli
1349 2949 1496 3026 moritur,
1610 2955 1611 3009 l

389 3071 426 3114 ac
447 3053 577 3134 publico
597 3054 708 3117 funere
733 3056 862 3120 effertur
882 3078 965 3122 anno
986 3061 1098 3122 aetatis
1125 3059 1233 3122 XLVI.

736 3205 851 3265 Ausere.
873 3206 970 3283 Epist.
992 3207 1061 3265 XV.

311 3318 360 3381 to.
390 3318 416 3381 0
438 3320 491 3402 qui
514 3328 663 3384 venustos
682 3324 775 3386 uberi
796 3326 946 3389 facundia

387 3434 477 3499 Sales
500 3435 639 3518 opimas,
661 3438 802 3514 tetradi,
880 3484 883 3490 .

389 3549 570 3634 cavesque,
593 3571 633 3614 ne
655 3554 696 3614 sit
717 3554 812 3618 tristis
834 3563 866 3617 et
885 3557 970 3620 dulci
993 3578 1103 3620 carens

388 3666 503 3728 Amara
523 3666 745 3731 concinnatio:

389 3776 451 3852 Qui
471 3778 545 3841 ielle
567 3800 693 3844 carmen
716 3790 811 3867 atque
831 3786 925 3850 melle
948 3794 1126 3867 temperans

388 3892 528 3975 Torpere
549 3895 656 3960 Musas
680 3915 744 3960 non
762 3900 860 3962 sinis:

387 4005 572 4091 Pariterque
593 4010 699 4086 lucas,
721 4033 866 4098 quaeque
887 4021 976 4098 gusta
997 4015 1111 4098 ignava
1135 4024 1207 4081 sunt

387 4119 429 4182 Et
448 4139 531 4204 quae
551 4143 666 4205 sapore
687 4127 807 4192 tristia:

387 4235 495 4298 Rudas
515 4234 690 4303 Camcenas
712 4242 766 4325 qui
789 4241 925 4304 Suessae
946 4246 1111 4324 praevenis

388 4352 539 4434 Aevoque
562 4352 650 4414 cedis
671 4372 733 4416 non
755 4354 838 4416 stilo.
