3250 5136
314 385 316 392 ‘
394 403 708 490 3333333333333
728 400 1020 461 3333333333333.

120 567 205 625 quam
222 553 318 622 lepide

120 656 205 713 quum
225 655 281 696 non
302 642 355 696 333.

121 729 251 801 quamvis
269 729 358 784 bouus

121 818 250 885 quamvis
269 817 329 873 des.

120 906 290 975 quandoque
308 921 336 976 p.

119 993 347 1065 quandoquidem
366 1007 427 1063 rep.

119 1096 279 1152 quanquam
297 1079 350 1136 luit

119 1173 294 1240 quantasque
311 1170 395 1224 modo

120 1259 217 1330 quanti
234 1272 286 1313 uos

120 1346 215 1416 quanti
238 1347 325 1402 vellet

119 1438 254 1506 quantum
270 1433 389 1490 33333333

119 1526 254 1596 quantum
269 1523 404 1578 hinnitum

118 1616 290 1682 quapropter
306 1614 376 1666 3333.

119 1702 292 1769 quapropter
310 1699 408 1754 (333333

120 1800 208 1857 quare
225 1784 316 1840 isthoc

119 1889 208 1946 quare
226 1889 278 1944 pro
297 1874 316 1929 3.

120 1977 238 2032 quarum
258 1965 287 2018 et
304 1962 350 2017 ab·

120 2052 206 2120 quasi
222 2064 326 2119 aquam

120 2141 252 2209 quattuor
269 2137 334 2194 hino

119 2228 200 2299 queis
219 2225 292 2282 hune
312 2243 336 2283 5.

119 2315 201 2386 queis
219 2316 292 2371 oculi
408 2323 413 2332 ’

119 2417 204 2472 quem
222 2404 263 2459 3333

119 2504 204 2560 quem
222 2495 333 2548 meluus

120 2594 204 2649 quem
222 2594 317 2648 neque¹

120 2673 206 2735 quem
222 2667 386 2734 praeclarus

120 2766 205 2823 quem
227 2753 282 2808 3333
300 2754 373 2809 33333

120 2855 205 2912 quem
223 2844 346 2896 sumtum

120 2943 281 3001 querquera
302 2944 378 2986 3333.

120 3013 300 3089 (3333333333

121 3108 169 3178 qui
186 3105 245 3162 edit

120 3195 168 3267 qni
187 3197 232 3251 est
248 3195 377 3252 omnibus

120 3285 214 3354 quiet
234 3288 262 3340 33

121 3374 168 3442 qui
189 3375 218 3429 in
239 3375 287 3430 lut.

121 3461 169 3529 qni
185 3457 254 3516 mihi
271 3476 299 3530 q.

121 3548 167 3618 qui
184 3546 329 3605 schedium

121 3638 169 3706 qui
186 3650 239 3692 sex
344 3699 346 3703 ,

121 3725 169 3794 qui
188 3727 216 3780 33
233 3723 324 3780 honus

121 3812 170 3882 qni
187 3815 215 3868 te
233 3811 282 3866 dil.

121 3900 170 3970 qui
188 3903 215 3955 te
232 3897 314 3954 Nom.

122 3988 223 4060 quibus
242 3988 322 4043 333333.

122 4078 189 4146 quid
207 4075 363 4134 cavendum

122 4165 189 4236 quid
210 4165 279 4221 dare
297 4164 364 4237 quid

123 4251 190 4322 qnid
209 4250 311 4310 Decius

546 551 590 621 33,
643 549 661 606 4

545 639 589 710 33,
626 637 660 694 33

545 729 587 798 33,
644 728 660 782 3

545 814 590 884 33,
643 813 660 868 3

545 903 588 973 33,
626 903 659 958 33

546 990 589 1061 33,
626 991 660 1045 33

529 1078 589 1149 333,
628 1079 660 1132 33

546 1167 589 1238 33,
625 1165 659 1221 33

545 1256 588 1326 33,
625 1256 659 1310 33

543 1345 586 1413 33,
625 1345 659 1398 33

542 1432 587 1502 33,
624 1431 658 1487 25

542 1521 587 1593 52,
624 1521 658 1576 33

543 1608 587 1679 33,
640 1607 659 1661 3

531 1687 588 1766 ’33,
624 1695 659 1750 33

544 1783 590 1850 33,
628 1784 659 1838 33

545 1871 588 1942 52,
625 1871 659 1926 33

544 1959 587 2030 22,
625 1959 658 2014 25

545 2049 588 2118 55,
625 2047 662 2102 55

547 2137 589 2207 55,
628 2137 657 2191 55

544 2223 587 2295 33,
610 2223 659 2278 ’33

544 2313 588 2383 33,
629 2311 660 2370 33

561 2401 588 2472 3,
644 2401 657 2455 3

545 2491 588 2559 33,
627 2488 659 2543 33

546 2577 589 2646 33,
643 2575 660 2628 3

541 2663 589 2733 33,
625 2661 659 2717 33

545 2751 589 2821 33,
626 2749 659 2804 55

546 2839 590 2908 33,
627 2837 660 2892 33

547 2926 590 2998 33,
629 2927 660 2982 33

546 3015 590 3086 33,
626 3015 660 3070 33

548 3103 589 3173 33,
625 3103 661 3158 33

530 3191 588 3263 333,
626 3191 660 3247 33

546 3281 590 3352 33,
628 3281 659 3336 33

545 3369 603 3438 33,Ι
627 3369 660 3422 33

546 3456 590 3526 55,
642 3455 659 3512 3

545 3546 588 3615 33,
616 3543 661 3623 34

548 3633 591 3704 33,
625 3632 659 3688 33

540 3723 589 3793 33,
642 3722 659 3775 3

544 3809 588 3880 33,
642 3809 659 3865 3

560 3899 588 3969 3,
627 3897 660 3952 33

543 3986 587 4057 33,
641 3986 657 4040 3

545 4074 588 4143 33,
624 4075 658 4130 33

545 4161 589 4231 33,
625 4163 658 4218 33

547 4249 590 4320 33,
644 4251 659 4302 3

762 553 829 621 qnid
848 551 916 608 (licis

761 639 829 710 quid
850 653 903 710 ego
922 639 947 694 si

761 729 827 798 quid
845 729 937 797 ipsum

760 817 828 887 quid
848 829 894 871 me
913 814 960 870 3333

759 905 826 976 quid
844 902 913 960 mihi
931 903 1011 974 prod.

747 992 827 1064 ¹quid
845 995 913 1062 puto
933 995 960 1046 33

759 1081 826 1149 quid
847 1080 1009 1150 quaerimus

759 1167 825 1240 qnid
844 1183 915 1239 quas
933 1183 962 1237 p.

759 1257 826 1327 quid
843 1271 942 1313 333333
964 1270 1019 1326 quo

758 1345 827 1415 quid
844 1345 900 1400 sibi
918 1345 987 1400 vult.

758 1433 826 1502 quid
844 1433 884 1488 333
901 1432 1017 1488 balistas

758 1520 826 1592 quid
845 1536 897 1576 sua
914 1535 986 1576 com.

759 1609 827 1680 quid
847 1609 897 1663 tibi

759 1696 827 1766 quid
844 1699 892 1750 tua
910 1709 981 1750 eum.

759 1783 826 1854 quid
843 1787 872 1838 tu
890 1784 963 1838 istun

759 1872 826 1944 qnid
844 1886 913 1928 3333
934 1873 978 1927 333

760 1961 855 2030 quidni
873 1962 902 2014 33
920 1964 950 2017 tu

760 2047 858 2118 quidni
875 2051 903 2106 33
922 2061 976 2102 333.

759 2137 825 2208 quia
843 2136 1020 2205 amplexetur

759 2226 827 2295 quin
843 2225 936 2294 potius

758 2314 826 2384 quin
844 2316 933 2369 totum

758 2403 881 2472 quinque
898 2399 996 2458 hastae

758 2489 876 2554 Quintus
897 2485 1024 2558 Opimius

759 2578 821 2648 quis
842 2579 930 2632 totum
949 2576 1003 2631 3333

758 2665 822 2737 quis
840 2667 870 2718 tu
887 2662 970 2718 homo

759 2767 814 2822 quo
834 2752 950 2807 facetior
970 2775 972 2780 ·

759 2855 815 2912 quo
832 2854 879 2895 me
895 2838 961 2894 33333.

759 2944 815 3001 quo
833 2930 914 2998 panto
961 2999 963 3004 Ι

758 3018 833 3090 quod
852 3017 970 3087 adeptus

758 3106 833 3175 quod
855 3104 988 3162 deformis

758 3195 834 3267 quod
855 3193 959 3264 graeila

759 3282 834 3355 quod
852 3282 878 3338 is
895 3282 954 3338 int:

759 3371 834 3443 quod
852 3368 920 3426 mihi
938 3386 963 3425 5.

759 3460 834 3531 quod
853 3459 877 3514 si
895 3458 970 3513 nulla

758 3546 877 3620 quodsi
898 3545 959 3600 obs.

758 3635 876 3708 quodsi
895 3634 970 3705 paul.

758 3724 833 3796 qnod
854 3725 958 3792 sumpt.

758 3812 833 3883 qnod
852 3814 880 3866 33
897 3811 980 3867 iutro.

758 3900 833 3972 quod
856 3898 960 3970 thynno

1248 397 1298 454 555

1202 545 1229 614 3,
1268 541 1301 598 33

1185 633 1230 702 52,
1267 634 1299 686 33

1185 721 1230 790 25,
1283 719 1300 774 3
1353 749 1354 754 3

1186 809 1229 879 33,
1269 807 1301 861 33

1186 899 1231 968 33,
1266 896 1301 950 33

1170 985 1230 1056 333,
1283 985 1301 1040 3

1186 1075 1231 1145 33,
1265 1073 1299 1126 33

1187 1163 1231 1233 33,
1267 1161 1300 1214 33

1184 1252 1229 1321 55,
1266 1250 1301 1305 55

1186 1339 1230 1412 55,
1283 1339 1301 1390 3

1147 1481 1149 1485 .
1185 1427 1230 1496 33,
1265 1424 1300 1479 55

1185 1515 1229 1586 55,
1266 1514 1298 1567 33

1169 1603 1228 1673 333,
1250 1603 1301 1657 333

1184 1691 1228 1762 33,
1265 1689 1300 1745 33

1185 1779 1230 1850 33,
1265 1777 1300 1834 43

1183 1866 1228 1938 33,
1265 1865 1300 1921 33

1183 1955 1227 2026 33,
1266 1955 1298 2010 33

1182 2044 1227 2115 33,
1267 2043 1301 2098 33

1184 2133 1228 2204 33,
1265 2131 1299 2186 33

1185 2221 1229 2292 33,
1282 2219 1301 2274 3

1181 2307 1227 2379 33,
1266 2308 1298 2363 33

1181 2397 1226 2466 33,
1280 2397 1297 2451 3

1183 2484 1229 2555 33,
1283 2487 1296 2537 3

1182 2573 1226 2642 55,
1264 2571 1298 2626 55

1183 2660 1227 2730 55,
1264 2659 1298 2714 33

1182 2747 1226 2818 33,
1278 2747 1298 2824 ,3

1186 2836 1229 2906 33,
1283 2837 1295 2888 3

1201 2925 1233 2994 3,.
1281 2925 1297 2978 3

1182 3015 1226 3084 55,
1249 3013 1298 3068 555

1185 3101 1228 3172 55,
1265 3101 1297 3156 33

1183 3189 1226 3262 33,
1279 3189 1298 3243 3

1182 3279 1226 3350 33,
1262 3279 1295 3332 33

1182 3368 1227 3439 33,
1263 3363 1298 3419 33

1185 3453 1227 3526 33,
1266 3452 1298 3508 33

1182 3541 1227 3614 33,
1265 3542 1297 3596 33

1184 3631 1227 3702 33,
1264 3629 1297 3686 33

1157 3718 1226 3794 ,33,
1279 3718 1296 3775 3

1181 3809 1224 3880 33,
1260 3807 1295 3864 33

1168 3897 1227 3969 333,
1246 3897 1296 3953 333

757 3989 833 4062 quod
850 3990 898 4043 tna
915 3987 1057 4044 collaudes
1180 3984 1225 4056 ⁷5,
1260 3983 1294 4039 55

757 4077 833 4148 quod
851 4075 926 4134 vitae

758 4166 889 4236 quodque
907 4166 978 4222 adeo

1180 4071 1225 4142 55,
1261 4073 1294 4126 33

1181 4161 1225 4230 33,
1260 4159 1295 4216 33
