3286 5126
289 439 366 482 nixu
489 419 538 482 DE
556 414 1014 488 'SINGULONNNJleNONUM
1033 415 1287 482 annonarium

290 567 330 628 tr.
346 567 427 642 Vlll.
446 565 528 644 quod
552 567 709 628 Nercerns
730 564 911 628 coniectura
938 565 1055 627 bacilia
1079 565 1231 638 restitnit,
1260 582 1331 628 cum
1352 575 1483 648 proptor

289 689 361 752 libri
381 687 494 756 decimi
513 694 630 762 notam,
653 695 717 756 tum
738 695 867 767 propter
880 687 1045 750 verborum
1060 688 1235 768 iuncturam
1251 690 1483 756 etsententiam

175 807 178 812 '
289 807 363 872 baie
383 809 504 879 auctori
523 808 723 878 tribuendum
742 828 809 872 esse
830 810 965 874 videtur.
1030 869 1035 875 .

367 932 492 994 librum
513 932 565 992 xi.
588 930 867 998 ·Seboenbeck·in
893 933 1073 995 memoriam
1101 932 1175 994 belli
1197 933 1311 996 iberici
1331 937 1485 1016 composi-
1576 997 1582 1004 ,

290 1060 357 1118 tum
371 1069 438 1118 esse
453 1061 577 1128 censet,
600 1053 682 1132 quod
704 1071 766 1116 non
783 1054 878 1116 modo
893 1072 943 1116 res
963 1055 1112 1120 militares
1126 1062 1304 1136 tangantur,
1320 1058 1374 1120 sed
1389 1060 1483 1124 etiam

293 1179 425 1248 invenes
445 1177 583 1251 nobiles,
610 1186 642 1239 et
659 1179 742 1241 male
761 1178 890 1254 morati,
920 1179 1146 1258 qui'stipendia
1168 1195 1205 1246 co
1233 1179 1315 1241 belle
1337 1179 1482 1258 iecerint,

289 1301 407 1362 acritm·
426 1300 689 1380 perstringantur.
709 1352 711 1358 .
731 1301 924 1380 Quibuscum
943 1301 1012 1364 tero
1032 1302 1247 1375 consentiunt,
1274 1313 1354 1381 quae
1370 1281 1484 1368 'neer-

289 1439 362 1484 msn
401 1422 442 1484 de
487 1419 547 1483 boo
594 1421 674 1484 libro
714 1423 846 1486 notavit.
878 1423 968 1486 -Sed
1008 1425 1122 1503 (torpet
1165 1424 1348 1504 primarium
1389 1423 1483 1490 buius

289 1543 362 1604 libri
392 1542 486 1616 finem
524 1561 592 1606 esse
617 1543 711 1618 vidit,
744 1552 786 1606 ut.
805 1546 958 1626 Scipionis
987 1547 1125 1608 Africani
1151 1565 1252 1608 mores
1281 1553 1313 1608 e't
1342 1548 1483 1628 inprimis

289 1681 401 1744 severa
423 1665 602 1746 disciplina,
624 1685 717 1747 quam
741 1668 823 1730 bello
843 1670 1030 1732 Numantino
1050 1671 1211 1742 restituit,.
1230 1671 1271 1731 ab
1289 1670 1482 1732 obtreotato-

290 1807 361 1854 rnm
382 1787 681 1869 reprehensionibus
702 1792 957 1854 defenderentur.
999 1792 1087 1871 Quae
1108 1793 1210 1854 omnia
1234 1809 1334 1873 prope
1358 1791 1483 1872 quidem

290 1911 330 1974 tld
343 1911 515 1974 ueritatem
532 1912 691 1976 recedere
710 1915 872 1997 uidentem
901 1908 961 1980 sed
977 1934 1067 1994 qnae.
1079 1916 1203 1994 reliqna
1218 1923 1290 1978 sunt
1309 1915 1484 1998 fragmenta

289 2049 487 2112 nequaquam
510 2035 553 2094 ita
574 2042 646 2096 sant
674 2044 874 2114 comparata,
901 2045 940 2100 nt
958 2038 1097 2104 ,firmiora
1118 2046 1301 2130 argumenta
1319 2039 1395 2102 inde
1419 2041 1487 2119 peti

289 2155 418 2234 possint.
460 2155 606 2225 lamhee
628 2155 849 2236 quidemcarnis
869 2157 1066 2220 manifestum
1088 2167 1152 2233 est,
1184 2177 1289 2240 neque
1307 2160 1359 2239 (ir.
1377 2165 1399 2224 l.
1418 2153 1490 2240 lll.)¹

290 2275 405 2358 Opimii
425 2277 533 2356 patris,
554 2295 661 2356 neque
685 2278 771 2340 Lucii
787 2280 900 2342 ‘Cottae
917 2279 1001 2354 senis
1018 2283 1343 2344 commemorationem
1358 2284 1397 2346 ad
1417 2284 1486 2346 bel·

289 2399 353 2458 lum
366 2400 587 2462 Numantinum
609 2399 720 2460 reterri
742 2416 843 2479 posse,
865 2400 981 2479 quippe
998 2402 1051 2479 qui
1070 2403 1175 2463 multis
1195 2404 1284 2464 annis
1303 2412 1376 2466 ante
1398 2407 1486 2468 vixe-

290 2519 362 2582 rint.
395 2519 456 2584 Sed
473 2537 535 2582 non
550 2520 732 2600 negaverim
751 2527 857 2600 patres
871 2523 1106 2588 commemorari
1126 2525 1279 2603 potuisse,
1293 2525 1485 2589 ,utiliorum

290 2659 393 2708 moros
407 2642 484 2715 inde
504 2629 732 2722 sponderentur,
769 2644 890 2708 Plebeii
909 2646 1185 2720 autemhorninis,
1207 2647 1273 2723 Caii
1286 2647 1379 2711 cassii
1393 2649 1486 2712 Geta-

290 2765 380 2840 nnis,
402 2739 519 2829 notatio
533 2767 607 2846 qnid
621 2764 667 2828 ad
681 2774 902 2847 argumentum
920 2769 1139 2836 illustrandum
1156 2769 1265 2834 ⁴lacere
1285 2765 1402 2850 potuit,
1426 2773 1485 2834 nisi

290 2889 372 2956 torte
398 2891 464 2952 eius
493 2891 539 2951 rei
564 2890 753 2954 mentionem
781 2883 909 2964 iniecit,
938 2899 974 2952 ut
997 2891 1134 2956 iudicem
1153 2894 1288 2956 'lollium
1314 2893 1484 2957 iniustitiae

236 3054 238 3059 -
291 3013 478 3074 accusarent
527 3011 573 3075 Ad
606 3011 722 3075 bellum
754 3012 977 3088 Numantinum
1008 3015 1331 3094 spectarevidentnr
1363 3017 1403 3077 ir.
1429 3019 1481 3080 tv.

291 3133 404 3202 mlx,
458 3133 557 3205 Etiam
592 3152 673 3214 quiae
710 3135 746 3198 in
780 3135 955 3215 bsgmentn
982 3137 1060 3198 vn..
1082 3146 1315 3212 memorantur,
1340 3139 1484 3200 'tortasse

269 3253 401 3316 eodem
434 3255 553 3321 reterre
584 3257 669 3319 licet.
710 3259 802 3320 Teste
833 3258 915 3320 enim
931 3259 1095 3322 ¹Cicerone
1120 3260 1241 3322 Attalns
1273 3271 1328 3322 rex
1362 3262 1485 3341 magni-

292 3377 489 3442 ficentissima
510 3379 591 3447 dona
611 3383 646 3442 P.
669 3381 815 3442 Africano
836 3400 934 3460 usqne
955 3382 994 3454 ad
1014 3383 1211 3447 Numantiam
1235 3383 1324 3443 misit*
1342 3401 1381 3446 ex
1401 3383 1483 3460 Asia,

292 3519 373 3580 qnae
386 3501 550 3565 Africanus
563 3505 757 3584 inspectante
772 3504 912 3566 exercitu
927 3505 1049 3584 aceepit
1070 3504 1128 3566 etr.
1151 3523 1208 3585 pro
1224 3505 1296 3566 Dei.
1312 3506 1341 3566 7.
1366 3506 1484 3568 Nomen

292 3623 383 3686 Datis
412 3642 487 3686 sane
513 3627 695 3687 etiamtum
724 3626 851 3688 difficile
879 3626 917 3687 ad
947 3626 1167 3707 explicandum
1194 3633 1256 3700 est,
1287 3626 1342 3688 sed
1369 3626 1486 3690 dixeris

293 3762 404 3807 nomen
420 3748 556 3811 solemne
570 3747 676 3810 tuisse.
706 3747 766 3808 Sed
787 3765 849 3810 non
864 3755 985 3810 tantum
1002 3746 1077 3810 huie
1092 3747 1292 3815 coniecturae
1313 3748 1427 3824 tribuo,
1451 3756 1486 3811 nt

294 3884 358 3928 non
374 3867 561 3942 multanda,
584 3869 668 3932 haud
681 3869 784 3932 minus
803 3870 989 3950 probabilia,
1010 3870 1072 3932 dict
1092 3887 1181 3949 posse
1196 3870 1382 3943 concedam
1403 3869 1487 3949 qnod

292 3989 317 4051 si
339 3989 420 4050 enirn
444 3998 578 4054 metrum
591 3993 790 4067 conveniret,
813 3994 906 4056 etiam
918 3993 1020 4056 ,lectio
1034 3993 1131 4067 ducis,
1158 3992 1241 4077 quod
1256 3994 1326 4054 olim
1342 3993 1487 4055 coniece-

293 4129 379 4185 ram‚
411 4112 487 4174 terri
517 4122 631 4194 posset.
672 4115 732 4177 Sed
764 4116 801 4176 tr.
824 4117 862 4177 V.
887 4118 937 4177 Vl.
966 4115 1001 4176 in
1026 4115 1120 4178 rebus
1145 4115 1274 4186 urbanis
1292 4116 1488 4179 illustrandis

294 4234 397 4298 locum
410 4232 556 4298 babuisse
569 4237 762 4316 putaverim,
778 4254 911 4316 eumque
925 4238 1029 4318 priore
1043 4246 1185 4324 octavum
1201 4253 1268 4308 esee
1280 4237 1484 4318 iungendum,

294 4358 411 4441 quippe
436 4358 519 4438 quod
546 4357 585 4424 ad
606 4362 776 4448 censorum
801 4360 902 4428 ottieia
924 4362 1100 4443 pertineat,-
1127 4360 1182 4427 sed
1204 4379 1226 4450 a
1253 4359 1486 4442 rebnsbellicis
