3286 5126
496 435 616 496 narro
635 409 773 498 uenam
789 435 1030 498 nuncnune
1320 456 1355 500 a

169 581 293 646 videtur
316 579 412 646 fuisse
431 581 599 646 similitudo
615 583 651 644 in
669 582 838 650 verborum
857 602 936 657 uem
967 584 1051 665 apud
1076 587 1248 648 Varronem
1262 584 1357 654 euin

167 707 351 769 multatam
370 705 497 784 mdqua
517 711 610 785 atque
630 713 785 771 vetustate
807 705 907 772 obsita
925 715 1113 783 occurrunt,
1140 715 1177 772 ut
1198 726 1270 772 eum
1289 724 1359 772 sae·

167 829 238 892 culo
261 834 334 890 ante
354 827 466 890 ruisse
489 833 617 890 statuas.
658 828 855 895 Plautinaet
874 829 1012 894 Enniam
1035 831 1188 894 vocabula
1213 831 1248 896 iu
1273 831 1359 912 treg-

166 950 280 1016 nonas
298 950 456 1030 leguntur,
478 967 576 1033 quae,
588 949 624 1013 si
643 951 801 1014 Ciceronis
820 952 1006 1046 elegantiam
1025 959 1164 1033 spectas,
1183 953 1245 1018 iam
1264 955 1358 1035 plane

166 1071 208 1134 ab
227 1091 286 1135 usu
308 1079 425 1138 remota
447 1073 541 1144 tuisse
562 1073 732 1154 potaveris.
874 1156 876 1165 Ι

244 1193 337 1256 Cuius
365 1193 490 1274 quidem
519 1196 644 1276 generis
671 1213 771 1276 pauca
799 1213 998 1263 enumerasse
1023 1197 1098 1260 satis
1123 1198 1194 1260 erit.
1225 1198 1356 1272 ιοιιιιιιιι,

167 1316 325 1398 poioloro,
347 1333 457 1380 rursus
471 1325 505 1380 et
512 1335 643 1398 prorsus
661 1318 682 1382 i.
699 1337 729 1382 e.
742 1326 898 1388 retrorsus
910 1327 943 1385 et
960 1337 1138 1400 proversus,
1159 1329 1288 1400 moret,
1308 1336 1361 1384 eo-

168 1441 316 1514 rortcalo,
348 1440 441 1513 loeta,
469 1439 609 1520 dispesci,
634 1443 807 1522 remloopo,
833 1442 1058 1516 doriciaaitrros,
1084 1441 1201 1506 librum
1223 1443 1356 1516 edolare,

167 1562 384 1635 eortaero'br'llo,¹
396 1561 592 1642 foetidiliter,
610 1562 748 1644 fripedo,
770 1563 977 1640 diseobiuoro,
996 1581 1130 1643 pocroe,
1150 1565 1356 1644 imponerere,

165 1686 420 1758 amminiculum,
447 1686 614 1758 codeet'ter,
644 1686 880 1766 viaopooilloor,
908 1693 1052 1764 eoperoto
1076 1685 1183 1766 frons,
1210 1693 1358 1766 quaestus

168 1805 337 1880 triolrious,
358 1808 460 1872 eorios
473 1825 530 1888 pro
544 1807 675 1882 corium,
696 1808 816 1886 pollere
837 1807 935 1882 boor,
957 1808 1357 1887 centumcellensium,

165 1931 350 2002 molliore-eo,
370 1929 525 2010 ordiscto,
550 1931 684 2003 excorio,
708 1931 855 2003 monebo,
878 1929 1041 2004 bubulcito,
1066 1929 1240 2002 orebiteeto,
1260 1929 1356 2002 eoiro,

163 2052 360 2125 medioximo,
381 2052 621 2125 commotu-core,
642 2053 781 2124 elicitos,
805 2061 904 2116 motos
923 2052 1057 2124 orbitus,
1086 2053 1233 2126 tolotilia,
1253 2069 1358 2116 recoo-

165 2176 249 2270 tilis,
269 2174 405 2252 flabilis,
425 2175 581 2246 metuitur,
606 2176 716 2237 atocio
737 2173 831 2252 luem.
852 2181 884 2238 et
908 2181 1012 2238 neate.
1035 2175 1165 2254 perlatore
1190 2173 1358 2238 verborum

165 2297 284 2368 tardor,
311 2298 414 2371 itiner,
441 2315 604 2360 aomorooo
626 2298 792 2379 imopioes,
818 2298 1039 2378 obstripilotor,
1067 2299 1272 2372 ootoorrtr'toe,
1302 2297 1357 2360 dc·

160 2425 309 2497 peratore,
341 2433 501 2492 eoaoores,
528 2420 712 2500 treroipodo,
738 2421 873 2492 oerritoe,
896 2421 1138 2499 mollicopodio,
1165 2421 1354 2494 ioumilitos,

111 2609 117 2616 ,
165 2539 283 2607 baaru
305 2547 366 2604 eie.
408 2541 625 2619 Quibuscum
651 2542 744 2606 facile
773 2542 889 2622 duplex
914 2559 1063 2606 numerus
1091 2541 1263 2606 verborum
1284 2541 1357 2614 addi

164 2663 279 2743 possit,
310 2663 401 2726 facile
430 2663 506 2726 inde
533 2664 728 2744 intelligitur,
761 2671 878 2742 quauta
906 2665 946 2726 sit
971 2657 1184 2732 Varronianus
1208 2663 1357 2727 orationis

167 2784 323 2866 asperitas
342 2777 374 2849 et
394 2802 489 2862 quum
508 2801 619 2864 parum
640 2785 694 2848 ille
715 2783 755 2846 ab
776 2801 888 2848 exesae
906 2765 1069 2848 vetustatis
1093 2783 1235 2864 robigine
1256 2801 1361 2849 reces-

163 2907 262 2981 serit;
289 2923 370 2986 quae
398 2907 523 2986 quidem
551 2909 651 2973 caries
677 2908 814 2972 omnium
843 2908 911 2972 iere
932 2908 1141 2988 antiquiorum
1170 2907 1356 2988 scriptorum

165 3029 340 3094 orationem
367 3031 547 3110 occupavit,
584 3030 646 3094 Sed
669 3031 833 3112 Terentius
853 3032 953 3096 Varro
979 3037 1015 3096 ut
1039 3037 1195 3098 vetustum
1221 3030 1357 3111 rigorem
1383 3096 1394 3128 a

163 3151 313 3218 credonis
343 3153 489 3228 retinuit,
505 3154 564 3216 ita
593 3161 693 3216 ortem
719 3155 798 3218 adeo
829 3155 952 3218 illorum
981 3153 1131 3234 neglexit.
1171 3154 1247 3216 Cum
1274 3151 1359 3216 emm

163 3273 298 3350 uanius,
326 3282 361 3339 et
379 3275 510 3340 tortasse
529 3276 702 3352 Pacuvius,
730 3277 804 3340 satis
828 3275 1011 3342 habuissent
1030 3277 1117 3340 varia
1138 3282 1238 3340 metra
1262 3281 1356 3354 aldae

164 3406 309 3478 poemata
327 3399 503 3472 miscuisse,
524 3406 561 3462 ut
579 3399 717 3480 ipsorum
738 3400 911 3462 carminum
933 3399 1096 3462 diversitas
1114 3399 1213 3460 lanus
1220 3397 1356 3459 Saturae

164 3521 320 3602 copiosam
344 3521 568 3587 abundantiam
587 3521 739 3596 referret,
760 3523 860 3583 Varro
879 3521 1059 3600 Menippum
1078 3518 1232 3590 imitatus,
1255 3515 1355 3596 pede·

163 3650 260 3710 sitem
273 3645 445 3709 credonem
462 3643 647 3717 immiscuit,
668 3643 711 3704 ita
733 3649 767 3708 ut
787 3639 883 3705 huius.
895 3641 968 3705 libri
989 3641 1113 3721 farrago
1133 3639 1355 3720 plaueuovum

160 3765 337 3832 litterarum
356 3785 455 3847 penus
474 3769 689 3830 constitueret.
730 3765 790 3830 Sed
812 3766 1081 3834 inmensitatem
1103 3765 1162 3829 etsi
1181 3764 1280 3844 magis
1300 3782 1357 3826 ex·
1400 3814 1405 3831 ,

167 3888 254 3952 culta
274 3895 368 3967 atque
381 3891 535 3970 expolita,
561 3898 665 3954 tanuen
686 3890 746 3951 bae
765 3889 798 3952 iu
817 3907 852 3950 re
865 3888 1078 3953 varronianae
1092 3887 1246 3950 simillima
1265 3885 1361 3952 tuse
1473 3973 1476 3980 ,

161 4010 299 4084 duetus,
319 4011 402 4090 qued
422 4013 550 4092 propius
569 4012 612 4074 ad
631 4012 842 4086 didacticum,
861 4011 944 4092 quod
963 4009 1087 4084 dicitur,
1109 4026 1236 4075 carmen
1250 4027 1356 4082 seces,-

162 4132 203 4196 sit
224 4139 261 4202 ⁴et
285 4149 398 4213 pravos
426 4131 585 4200 homiuum
612 4152 714 4197 mores
736 4133 834 4214 maps
858 4133 891 4194 in
910 4132 1088 4196 universum
1114 4133 1249 4206 notavit,
1272 4129 1355 4210 quod

164 4225 261 4318 multo
285 4271 324 4319 eu
346 4255 473 4318 Graecis
492 4255 605 4319 litteris
623 4253 746 4330 bausit,
773 4255 876 4335 qaod,
905 4255 931 4316 si
956 4253 1063 4335 Scipio
1085 4256 1357 4334 parsssaturarum

163 4382 252 4452 mat,
282 4395 346 4443 nou
372 4385 437 4444 tam
464 4378 500 4444 iu
529 4377 698 4446 irridendis
723 4377 886 4446 bominum
910 4377 1011 4454 ulis,
1037 4393 1131 4458 quom
1150 4377 1183 4442 iu
1202 4375 1354 4444 vorntatc
1389 4411 1392 4417 ·
