3242 5138
272 429 308 470 ιι
619 407 670 468 DE
688 407 871 466 rnnsonts
889 407 1111 469 identatus,

276 573 407 636 quorum
426 554 510 618 tacta
533 569 698 633 moresque
717 552 851 633 posteris
871 553 1020 616 traderet.
1056 553 1196 631 Quorum
1207 555 1469 636 omniumquam-

278 679 325 742 vis
351 676 517 740 admodum
545 675 711 744 dissimiliis
736 683 830 755 atque
856 676 980 738 diversa
1007 676 1090 738 inter
1111 694 1145 738 se
1171 678 1212 738 sit
1239 679 1335 752 ratio,
1363 685 1469 744 amen

278 801 339 864 hcc
364 798 484 862 habent
513 817 695 872 commune,
724 797 807 877 qnod
833 799 909 860 satis
934 799 1080 860 cortada
1098 799 1161 860 illis
1179 805 1281 862 exstat
1305 802 1466 875 memoria,

275 923 318 986 ita
346 929 381 984 ut
405 918 515 986 Lucilii
541 922 638 984 verbe
667 923 799 982 aliorum
828 922 1015 1000 scriptorum
1045 921 1228 983 testimoniis
1260 921 1465 984 illustrentur.

277 1044 369 1123 Quod
389 1045 473 1107 haud
493 1042 625 1124 perinde
646 1050 692 1105 est
714 1044 747 1103 in
769 1059 877 1103 eorum
896 1040 1057 1123 hominum
1078 1042 1271 1117 nominihus,
1299 1059 1381 1122 quae
1406 1060 1467 1124 po-

278 1172 345 1228 stca
358 1165 548 1229 citabuntur.
589 1163 729 1226 Primum
747 1163 845 1244 igitur
863 1163 993 1226 dubium
1014 1171 1077 1239 est,
1099 1165 1153 1244 qui
1166 1165 1276 1227 Calvus
1294 1166 1468 1240 illustrarit,

278 1305 372 1368 quem
392 1286 528 1350 Lucilius
547 1304 579 1366 p.
595 1288 644 1350 ll.
666 1286 705 1348 lr.
721 1288 770 1348 ld.
794 1287 842 1348 his
862 1287 967 1348 verbis
986 1287 1169 1366 descripsit:
1195 1287 1307 1350 Calvus
1319 1288 1469 1350 Palatino

277 1411 328 1470 uir
348 1408 461 1471 nobilia
483 1427 519 1470 ac
540 1407 743 1472 tonstallo.
785 1409 906 1470 Dixerit
926 1410 1036 1488 aliquis
1055 1413 1089 1473 L.
1105 1409 1270 1470 Caecilium
1292 1409 1330 1486 Q.
1346 1409 1368 1469 l.
1384 1412 1417 1472 L.
1433 1429 1479 1470 n.

278 1533 435 1594 llctellum
455 1531 583 1592 Calvum
602 1547 671 1592 esse
688 1531 944 1612 intelligendum,
973 1532 1027 1610 qui
1047 1549 1128 1593 anno
1149 1532 1206 1592 tta
1226 1549 1297 1593 cnm
1316 1530 1356 1609 Q.
1373 1531 1469 1594 Fabio

278 1654 317 1731 Q.
332 1652 356 1715 f.
373 1652 412 1730 Q.
428 1670 460 1714 n.
481 1652 613 1730 llaxirm)
633 1653 805 1715 serviliano
826 1653 939 1716 consul
958 1654 1035 1727 luit,
1062 1653 1237 1732 codemque
1261 1619 1343 1714 anno
1362 1653 1470 1716 Tuhu-

278 1778 327 1840 lus
353 1783 490 1856 praetor,
512 1776 580 1837 cir.
609 1777 673 1837 Cic.
695 1777 751 1855 Ep.
774 1775 814 1836 ad
837 1775 1096 1840 Att.x1t5.5.
1135 1775 1195 1837 Sed
1215 1776 1347 1855 intelligi
1375 1776 1470 1838 etiam

281 1900 379 1978 possit
390 1902 424 1960 L.
433 1899 585 1960 Caecilius
598 1899 859 1962 lletellusGalvus
872 1898 1071 1972 Dalmaticus,
1087 1897 1154 1959 eius
1165 1896 1257 1972 filius,
1272 1899 1385 1961 Consul
1399 1897 1467 1960 rra.

278 2021 332 2098 qui
361 2019 495 2080 Castoris
523 2025 555 2080 et
584 2018 719 2079 Pollucis
749 2021 901 2097 templum
927 2037 948 2090 e
977 2020 1131 2102 manubiis
1160 2020 1283 2086 refecit.
1315 2020 1379 2081 Cic.
1410 2037 1468 2099 pro

278 2141 405 2202 Scauro.
427 2139 456 2202 S.

355 2263 435 2324 Num
454 2267 620 2341 praeterea
640 2261 718 2322 alius
738 2260 853 2322 Metelli
872 2261 1062 2323 mentionem
1082 2261 1272 2335 lecerit‚·ex
1293 2262 1468 2342 fragmento

282 2383 337 2446 tot
363 2399 435 2462 pag.
454 2381 493 2444 96
519 2381 652 2444 divinari
678 2397 742 2442 non
767 2387 887 2460 potest,
909 2398 981 2442 nam
1000 2383 1033 2444 in
1054 2400 1091 2444 co
1111 2398 1205 2443 versu
1223 2383 1327 2443 omnia
1346 2384 1467 2448 incerta

279 2510 361 2568 sunt.
401 2503 463 2565 Sed
484 2502 567 2564 aliud
588 2509 635 2566 est
654 2501 862 2582 fragmentum
881 2521 913 2582 p.
929 2502 978 2565 Sl.
1004 2502 1044 2564 lr.
1059 2502 1108 2565 96.
1132 2502 1262 2564 cecilius
1282 2503 1410 2564 Praetor
1430 2522 1469 2564 aa

277 2628 410 2706 rusticas
430 2625 496 2704 fiat.
525 2643 618 2704 quem
641 2626 771 2688 tortasse
791 2625 911 2688 referes
931 2626 971 2687 ad
992 2628 1025 2687 G.
1040 2625 1208 2688 Caecilium
1227 2626 1384 2688 Metallum
1406 2625 1468 2684 Ga-

278 2749 434 2831 prauum,
473 2765 608 2828 quocum
635 2748 738 2829 Scipio
769 2748 852 2829 apud
879 2750 1077 2812 Numantiam
1102 2747 1328 2823 stomachatus,
1353 2747 1468 2811 dixisse

280 2873 398 2945 fertur,
429 2871 456 2958 si
479 2871 621 2947 quintum
644 2878 772 2949 pareret
797 2877 898 2952 mater
918 2872 1001 2944 eius,
1030 2873 1151 2936 asinum
1170 2873 1265 2933 luisse
1285 2871 1467 2949 parituram.

279 2991 337 3054 cir.
354 2991 417 3052 Cic.
440 2990 480 3052 de
501 2990 556 3051 Or.
572 2992 610 3050 ll.
626 2989 674 3050 66.
688 2989 757 3050 att.
799 2991 846 3050 Ad
873 2990 1007 3051 eundem
1033 2991 1189 3054 hominem
1208 2991 1308 3050 retert
1329 2988 1469 3052 Schmidt

279 3114 325 3192 (d.
347 3111 457 3174 Lucilii
483 3111 654 3175 Satirarum
681 3127 761 3190 quac
788 3110 828 3172 da
857 3110 938 3170 lihro
966 3128 1048 3173 nono
1067 3116 1235 3190 supersunt
1261 3109 1409 3202 disposita
1435 3117 1470 3172 et

277 3235 431 3296 illustrata
451 3233 586 3296 Berolini
606 3233 691 3295 l8l0.
714 3252 745 3312 p.
761 3232 806 3311 9.)
826 3250 970 3294 versum:
997 3251 1034 3294 aa
1054 3234 1204 3312 desipaati
1223 3241 1356 3294 rostrum
1377 3251 1469 3314 prac-

280 3357 354 3420 tort's
372 3357 518 3436 pedesque
535 3362 540 3427 Ι
557 3357 689 3436 spectes!
715 3354 777 3416 Sed
797 3354 913 3416 rectius
933 3353 1065 3432 tortasse
1084 3356 1124 3417 lr.
1138 3353 1190 3416 97.
1208 3355 1291 3434 Erpa
1309 3355 1470 3416 Paetorum

278 3488 320 3542 cst
339 3488 409 3542 cate
431 3489 459 3542 ot
475 3481 609 3560 praeire.
631 3493 802 3558 quaecum
822 3477 855 3538 in
876 3483 1021 3556 praetore
1037 3477 1162 3538 Metello
1174 3477 1234 3538 alia
1253 3476 1386 3551 luerint,
1406 3477 1469 3538 iam

278 3602 439 3681 exipsius
464 3601 742 3680 nominisorigine
769 3601 911 3663 docuisse
937 3600 1062 3662 videtur
1088 3599 1238 3673 Lucilius,
1267 3600 1356 3660 illum
1384 3605 1470 3660 tanto

279 3720 396 3782 honore
421 3737 534 3800 parum
552 3722 681 3801 dignum
705 3739 783 3784 csse.
822 3723 946 3784 Tertius
966 3724 1058 3784 locus
1081 3728 1147 3795 cst,
1178 3721 1234 3784 ubi
1257 3719 1299 3782 de
1323 3727 1469 3800 praetore

276 3843 423 3922 loquitur,
445 3859 539 3922 quem
557 3841 615 3904 sibi
636 3841 783 3906 infestum
802 3860 870 3905 esse
892 3845 1017 3917 statuit,
1039 3843 1107 3904 Lib.
1123 3843 1189 3904 xv.
1212 3841 1252 3904 tr.
1269 3840 1299 3907 6.
1327 3841 1362 3912 Si
1391 3841 1469 3904 milti

276 3981 338 4026 noc
357 3965 486 4026 Praetor
514 3967 571 4028 slat
596 3965 720 4026 additas
745 3958 834 4044 ctq‘uo
861 3967 954 4046 apitet
979 3983 1042 4036 nae,
1071 3966 1141 4027 Noc
1167 3965 1247 4026 mate
1267 3966 1310 4026 sic
1336 3965 1408 4034 t'llc,
1436 3971 1471 4024 at

276 4088 355 4158 dico,
369 4105 423 4148 *me
438 4087 612 4148 extenderat
626 4105 718 4150 caco.
749 4087 838 4165 Quae
853 4087 955 4150 omnia
975 4087 1001 4148 si
1021 4087 1061 4149 ad
1078 4085 1213 4150 eundem
1226 4067 1386 4168 spactant,
1405 4101 1471 4146 non

188 4287 191 4294 Ι
278 4208 453 4274 mediocres
473 4209 555 4272 inter
572 4227 643 4272 eum
665 4218 697 4274 et
717 4211 869 4274 Lucilium
883 4210 1095 4274 intercessisse
1109 4209 1256 4278 videntur
1277 4208 1472 4270 inimicitiae.

277 4332 366 4409 Quae
398 4331 524 4411 quidem
554 4333 580 4394 si
607 4352 626 4395 a
657 4335 813 4400 communi
840 4333 924 4414 apud
954 4334 1150 4398 Numantiam
1179 4332 1288 4396 militia
1319 4328 1472 4410 originum
