3286 5126
204 493 208 500 ,
250 499 253 506 ,
288 443 355 492 xnv
610 433 711 502 oure
730 431 957 492 nuonrnnln
978 432 1153 494 seruare

288 579 397 654 modo,
426 581 527 642 coacti
553 581 696 642 omittere
722 587 877 660 satyram,
899 582 988 644 aliud
1015 599 1114 662 genus
1141 581 1286 643 carminis
1312 581 1374 665 τὴν
1399 549 1480 648 vtes

289 697 486 786 rupudiare,
509 703 569 764 hoc
589 711 636 765 est
649 720 761 766 novant
772 703 966 766 comoediam
985 719 1134 784 reperere
1153 710 1268 784 poclm
1280 703 1363 765 etc.”
1402 703 1480 781 Qni-

287 823 347 886 bus
367 841 406 886 ex
425 825 502 886 locis
521 822 583 886 hoc
601 824 638 886 lit
658 823 873 900 manifestum,
900 827 1038 906 ipsorum
1058 827 1336 890 Grammaticorum
1364 825 1478 888 irrdlcia

288 945 329 1008 de
349 945 468 1026 origine
489 946 633 1009 vocabuli
653 947 820 1010 fluctuasse
839 954 872 1010 et
891 965 944 1010 eos
958 947 1101 1027 quidem,
1124 949 1177 1028 qui
1197 950 1342 1029 propiora
1356 957 1480 1030 specto*

288 1075 377 1142 rent,
400 1069 440 1130 ad
452 1069 573 1132 lancem
588 1075 725 1132 saturam
744 1067 806 1130 hoc
825 1071 998 1131 carminum
1017 1071 1115 1150 genus
1134 1071 1295 1146 retulisse,
1317 1069 1371 1150 qni
1387 1071 1479 1133 amos

288 1191 356 1254 eius
375 1189 526 1270 originem
549 1197 749 1271 repeterent,
782 1191 823 1273 ab
843 1192 918 1272 ipsis
944 1193 1055 1272 satyris
1080 1210 1193 1255 nornen
1212 1192 1381 1256 derivasse.
1419 1193 1479 1258 Sed

287 1319 415 1374 neutros
434 1319 555 1374 certum
573 1313 704 1392 aliquod.
723 1319 846 1376 remites
869 1331 937 1376 esse
956 1315 1148 1394 putaverim,
1172 1317 1289 1396 quippe
1310 1316 1363 1395 qni
1382 1315 1479 1377 sulum

288 1431 380 1494 huius
407 1435 513 1513 poesis
531 1441 680 1497 naturam
704 1453 743 1498 ex
768 1437 958 1516 etymologia
986 1438 1158 1516 explanare
1182 1437 1379 1499 studuerunt.
1414 1437 1480 1500 ¹hh

287 1555 362 1636 ipsis
384 1557 466 1617 eninr
487 1557 614 1618 Graecis
635 1556 815 1620 auctoribus
834 1556 897 1622 boc
916 1557 1087 1623 carminum
1105 1577 1203 1640 genos
1216 1577 1285 1623 csse
1303 1561 1479 1639 proiectum

288 1680 366 1740 nulli
390 1661 533 1742 niahrisse
561 1680 720 1743 ridentur.
767 1682 831 1744 Etsi
856 1683 938 1746 enirn
962 1686 996 1745 L.
1019 1683 1119 1745 Attius
1148 1684 1181 1744 in
1211 1683 1374 1745 annalibus
1403 1681 1476 1756 suis,

287 1801 354 1862 sive
380 1801 516 1882 tragicus
541 1803 594 1864 ille
620 1811 728 1884 poeta,
763 1805 828 1866 sive
849 1805 927 1866 alius
946 1805 1021 1880 luit,
1053 1807 1227 1868 Saturnalia
1246 1819 1267 1866 a·
1289 1805 1379 1868 simili
1400 1805 1481 1868 testo

287 1923 423 1999 Graeco,
447 1941 527 2003 quae
551 1926 664 1986 Cronia
684 1926 922 2006 adpellahantur
942 1928 1113 2007 repetivit,
1127 1927 1184 1990 cir.
1201 1927 1337 1990 llacrob.
1354 1929 1478 1990 saturn.

287 2047 312 2107 l.
326 2063 355 2106 c.
371 2048 401 2106 7.
423 2045 588 2107 Diomedes
609 2053 713 2108 tamen
734 2055 821 2110 recte
841 2065 912 2126 pag.
928 2051 1005 2110 lai:
1029 2052 1169 2129 ,‚Satyra
1183 2057 1231 2112 est
1250 2067 1376 2112 carmen
1396 2049 1480 2129 aprrd

287 2170 451 2244 Romanos,
472 2167 680 2248 coronidem
704 2167 787 2247 apud
808 2169 954 2243 Graecos,
976 2170 1162 2231 maledicum
1179 2179 1222 2232 ‘et
1251 2170 1290 2232 ad
1319 2170 1479 2252 carpenda

288 2291 448 2364 hominum
493 2292 569 2353 vitra
607 2287 761 2352 arehaere
800 2289 980 2352 comoediae
1030 2293 1214 2355 charactere
1257 2295 1479 2374 compositum,

288 2413 378 2490 quale
401 2413 593 2492 seripserunt
618 2412 771 2485 Lucilius,
802 2413 949 2474 lloratius
973 2418 1005 2474 et
1030 2415 1154 2475 Persius
1166 2434 1175 2486 ;
1202 2421 1236 2488 at
1261 2415 1333 2474 olim
1354 2432 1482 2478 carmen

289 2535 372 2612 qued
406 2553 446 2597 ex
479 2535 574 2597 variis
599 2535 795 2616 poematibus
824 2534 1002 2610 constabat,
1036 2539 1145 2620 Satyra
1174 2535 1356 2608 vocabatur,
1390 2540 1484 2615 quale

241 2653 246 2664 '
288 2659 481 2739 scripserunt
511 2659 666 2720 Pacuvius
697 2666 729 2719 et
755 2658 886 2720 Attius.’'
930 2661 1049 2720 Nomen
1081 2658 1188 2740 igitur,
1214 2666 1250 2719 ut
1280 2659 1374 2738 longe
1407 2659 1482 2738 plus

289 2782 366 2844 rimr
400 2781 555 2842 uocabula
589 2781 715 2855 Latina,
757 2781 899 2843 Graecae
927 2781 1061 2860 originis
1080 2779 1149 2842 luit.
1201 2782 1307 2842 Potui-t
1343 2781 1439 2844 etiam
1460 2797 1482 2842 a

290 2904 419 2967 Graecis
440 2921 508 2966 esse
522 2903 716 2977 ‘medaucum
748 2911 783 2964 ut
811 2905 917 2964 lances
937 2905 1066 2966 Saturae
1085 2903 1107 2964 i.
1125 2922 1155 2965 e:
1174 2903 1269 2966 variis
1295 2903 1420 2983 frugum
1450 2909 1483 2964 et

289 3044 450 3106 pomorum
464 3025 632 3106 generibus
647 3025 795 3098 miculae,
812 3025 871 3086 diis
884 3017 1086 3098 otlerrentur3
1105 3026 1148 3104 (et
1162 3024 1245 3088 hano
1258 3025 1384 3104 quidem
1398 3025 1482 3104 apud

288 3149 414 3210 Latinm
440 3147 620 3228 primariam
643 3147 738 3208 buius
768 3147 912 3209 vocabuli
937 3147 1195 3228 significationem
1218 3155 1294 3228 puto
1307 3149 1335 3223 ς)
1364 3147 1419 3210 sed
1446 3154 1484 3208 ut

290 3271 439 3332 translate
464 3277 495 3332 et
515 3287 644 3332 cumen
668 3271 821 3332 err-variis
851 3271 1046 3352 poematibus
1066 3272 1196 3333 mixtum
1217 3277 1249 3332 et
1268 3273 1374 3351 leges,
1399 3269 1483 3348 quae

291 3395 388 3456 rnulta
408 3412 471 3456 uno
491 3399 603 3474 rogatu
622 3391 945 3474 comprehenderent,
968 3401 1092 3456 saturae
1106 3393 1299 3466 dicerentur,
1321 3391 1353 3454 id
1374 3391 1415 3454 ab
1425 3395 1485 3452 La-

290 3517 363 3579 tinis
390 3517 552 3582 intentum
576 3537 645 3582 esse
671 3525 757 3598 pnto.
798 3519 862 3580 Etsi
893 3519 975 3580 euim
1006 3516 1210 3596 antiquissimi
1239 3513 1329 3578 chori
1360 3512 1485 3578 liaehici

289 3641 373 3721 opud
394 3643 531 3703 Graecus
549 3648 585 3704 et
603 3640 663 3720 ipsi
684 3642 811 3704 liuentia
833 3641 1000 3713 sermonis,
1028 3639 1169 3702 dicteriis
1190 3648 1223 3700 ct
1242 3639 1390 3701 comiciis
1416 3637 1485 3699 ani·

289 3780 356 3824 nros
377 3741 588 3858 spectatorum
608 3761 797 3826 exhilaresse
819 3763 977 3837 dicuntur,
1002 3763 1060 3823 clr.
1082 3765 1121 3822 ll.
1137 3762 1172 3822 P.
1188 3764 1239 3822 Fr.
1253 3762 1482 3842 Kanogiesserr

291 3887 341 3950 die
368 3889 432 3958 alte
463 3882 622 3948 lomisohe
647 3884 756 3946 Btihne
781 3885 814 3945 in
844 3883 947 3946 Athen
977 3903 1009 3963 p.
1025 3883 1144 3963 llsqp
1175 3891 1278 3946 tamen
1300 3884 1359 3944 hoc
1382 3881 1485 3963 poesis

290 4025 389 4090 genus
408 4010 521 4090 partim
545 4027 563 4071 a
590 4007 882 4087 comoediapartinr
904 4007 1085 4068 adramnte
1102 4007 1237 4086 satyrico
1258 4013 1423 4085 exceptum
1452 4013 1485 4068 et

291 4129 406 4194 subulis
424 4131 579 4193 intextum
600 4137 647 4193 est
665 4131 744 4210 (ipsc
763 4129 847 4191 enirn
865 4129 1046 4190 hnaoteles
1063 4135 1147 4208 poet.
1164 4146 1191 4191 e.
1207 4131 1236 4190 b.
1259 4129 1438 4190 comoediae
1451 4135 1487 4190 et

291 4254 471 4336 tragoediae
504 4255 592 4315 initia
622 4249 949 4338 αὐτοσχεδιάσματα
979 4269 1046 4314 esse
1082 4252 1261 4336 indicarit),
1289 4253 1333 4313 ita
1360 4257 1484 4312 utnon

292 4379 453 4460 preprium
472 4395 572 4461 genus
591 4378 695 4457 poesis
711 4375 788 4438 inde
805 4375 978 4437 exsisteret.
1020 4375 1097 4450 Sed,
1122 4391 1202 4455 qnae
1221 4373 1329 4456 populi
1354 4372 1484 4436 Romani
