3242 5138
508 449 558 508 uu
577 447 759 532 ressonis
780 448 1002 510 numanum.
1024 447 1028 456 ’
1288 449 1355 514 xm

159 602 204 660 its
227 597 373 660 Horatius
391 597 425 656 in
449 595 578 674 epistola
597 596 679 656 lllV.
697 596 833 657 villicum
853 615 942 657 suum
964 597 1111 676 adpellat.
1143 597 1243 675 Quam
1260 598 1353 660 Aeso·

161 723 265 802 picam
285 719 422 782 fabulam
438 705 483 779 'de
504 718 598 796 vulpe
625 725 718 796 atquc
743 720 835 780 leone
862 717 997 780 Lucilius
1024 719 1056 779 in
1084 719 1274 781 carminibus
1295 737 1352 782 ex·

134 837 335 924 presserat,
371 840 503 904 eandem
532 847 565 902 et
594 840 738 904 llcrathrs
768 840 871 921 attigit
900 842 955 920 Ep.
978 842 1001 908 l.
1026 843 1053 902 l.
1068 840 1117 903 ot.
1159 843 1272 905 llultus
1294 841 1354 902 icit

159 965 295 1028 Lucilius
319 963 352 1024 iu
381 962 520 1042 priorum
548 968 710 1041 poetarum
737 962 842 1036 Ennii,
871 957 1018 1036 Pacuvii,
1048 963 1132 1026 Accii
1163 963 1353 1026 carminibus
1441 989 1444 1002 ·

161 1082 344 1159 irridendis,
374 1085 432 1146 cir.
458 1071 561 1146 Sobel.
588 1082 628 1144 ad
654 1083 951 1145 brusciaco.
980 1085 1039 1146 cir.
1066 1086 1136 1146 Aul.
1163 1086 1240 1147 Gall.
1261 1087 1297 1147 N.
1313 1087 1349 1146 A.

160 1211 254 1272 XVll.
276 1209 324 1270 Ph.
361 1211 497 1288 ;,Neque
514 1225 640 1287 „magno
668 1207 832 1270 intervallo
853 1215 971 1287 postea
1001 1207 1040 1285 Q.
1062 1208 1178 1269 Ennius
1204 1215 1236 1269 et
1264 1209 1350 1268 iuxta

160 1333 311 1394 Caecilius
332 1339 364 1394 et
382 1313 546 1394 Terentius
562 1315 605 1392 ac
623 1329 755 1392 subinde
778 1330 948 1404 Pacuvius,
978 1347 1015 1390 ac
1039 1325 1174 1392 Pacuvio
1193 1331 1254 1392 iarn
1278 1347 1352 1392 sene

159 1455 290 1529 riccius,
312 1455 487 1532 clariorque
511 1460 585 1516 tnnc
609 1453 642 1514 in
669 1453 820 1533 poematis
838 1469 952 1524 ‚eorum
980 1451 1192 1514 obtrectandis
1218 1452 1353 1516 Lucilius

158 1575 252 1638 iirlt.''
293 1577 381 1640 llaud
403 1575 591 1642 dissimiliter
605 1575 748 1638 ll'oratius
772 1576 804 1636 in
820 1593 857 1636 eo
877 1573 1008 1636 desudat
1028 1581 1122 1653 atque
1142 1553 1298 1650 elaborat,
1320 1582 1356 1636 ut

157 1700 334 1777 aequalium
354 1698 468 1761 iudicia
487 1699 527 1761 de
551 1699 778 1777 antiquioribus
797 1697 897 1777 poetis
921 1697 1057 1776 corrigat
1077 1703 1170 1776 atque
1188 1696 1351 1770 emendet;

156 1829 369 1900 quantumque
382 1820 443 1882 illis
459 1821 661 1882 tribuendum
682 1821 738 1893 sit,
763 1809 939 1880 accuratius
954 1825 1099 1897 exponat.
1132 1821 1262 1880 Praeter
1279 1836 1352 1898 per-

157 1961 249 2005 sonas
269 1951 392 2017 antem,
414 1959 491 2020 quas
505 1958 599 2021 supra
614 1937 867 2013 commemoraui,
896 1958 1027 2019 quorum
1048 1947 1080 2001 et
1099 1941 1183 2020 apud
1202 1942 1352 2002 Lucilium

157 2073 190 2128 et
213 2067 373 2126 lloratium
393 2063 447 2126 fiat
469 2065 601 2138 mentio,
625 2063 764 2142 Opimius
779 2061 1063 2137 estnnminandns,
1084 2063 1173 2125 ouius
1191 2061 1351 2126 avaritiam

157 2204 228 2248 curn
250 2189 384 2249 Lucilius
404 2188 580 2249 accuratius
596 2187 805 2265 exposuisset,
828 2185 972 2248 Horatius
992 2191 1024 2246 et
1043 2185 1110 2265 ipse
1129 2188 1248 2248 notavit
1266 2188 1296 2248 S.
1312 2189 1349 2248 ll.

156 2309 185 2371 5.
205 2310 271 2372 lta:
295 2313 461 2400 Praeterea
482 2309 616 2370 Gracchi
636 2316 667 2370 et
687 2309 769 2370 bluci
790 2309 932 2382 nomina,
956 2324 1037 2386 quae
1050 2309 1174 2388 saepius
1188 2309 1220 2370 in
1241 2308 1351 2370 Lucilii

157 2426 346 2494 carminibus
366 2433 634 2507 notataluerant,
657 2433 801 2497 Horatius
821 2433 863 2492 ita
892 2431 1071 2510 usurpavit,
1094 2438 1129 2492 ut
1148 2430 1208 2492 illis
1229 2437 1260 2493 et
1279 2447 1350 2492 ora-

156 2559 256 2616 torem
287 2561 319 2616 et
348 2556 599 2617 iurisconsultum
625 2555 769 2635 designet
799 2557 854 2634 Ep.
873 2557 909 2615 lt.
933 2555 961 2616 P.
981 2553 1030 2616 ⁸9.
1069 2554 1197 2632 Pythias
1223 2555 1346 2629 ancilla,

157 2675 452 2760 quam-scholiastae
466 2657 637 2755 ¹personam
656 2675 833 2737 Lucilianae
855 2676 957 2754 poesis
975 2674 1071 2736 luisse
1086 2675 1354 2752 animadvertunt,

157 2801 273 2878 qnippe
287 2813 381 2875 quam
400 2815 440 2858 ex
456 2798 535 2860 alius
555 2803 666 2877 poetae
681 2797 841 2859 comoedia
855 2797 887 2858 in
901 2805 1038 2858 saturam
1052 2797 1244 2858 transtulisse
1258 2798 1348 2860 vide·

156 2926 218 2993 tur,
241 2920 386 2982 lloratins
400 2934 524 3000 quoqne
537 2920 581 2980 ita
596 2887 828 2996 commemorat,
849 2926 885 2980 ut
902 2919 997 2980 *facile
1013 2919 1180 2998 intelligas,
1194 2936 1267 2981 eum
1285 2919 1350 2981 lec·

156 3049 240 3105 tores
265 3042 305 3104 ad
329 3042 480 3105 Lucilium
507 3037 633 3104 fabulae
661 3049 821 3104 auctorem
850 3043 1003 3122 relegare.
1031 3041 1090 3104 cir.
1111 3043 1168 3121 lip.
1182 3044 1220 3104 ll.
1236 3041 1347 3104 Mali.

155 3166 283 3244 Pythias
313 3174 449 3227 emuncto
477 3167 598 3228 lucrato
622 3165 743 3227 Simone
770 3165 940 3238 toleaturrt,·
967 3165 1025 3226 c'lr.
1048 3163 1351 3244 ttp.1.lt.tt.ubt

155 3274 265 3350 eodem
286 3288 378 3350 modo
398 3286 531 3368 Pyrrhia
554 3305 593 3350 er
612 3287 740 3348 Titinnii
768 3287 873 3348 tabula
887 3295 995 3350 sumta
1015 3286 1055 3348 ad
1075 3287 1260 3348 senteutiam
1280 3287 1351 3347 illu·

156 3411 314 3472 strandum
337 3409 515 3474 adhibetur.
557 3411 725 3472 Praeterea
747 3408 968 3484 Pacideianus,
993 3411 1087 3472 ¹cuius
1106 3415 1266 3470 certamen
1286 3409 1350 3470 sin·

145 3535 263 3614 ,gulare
284 3551 354 3595 cum
372 3533 542 3595 Aesernino
562 3533 697 3595 Lucilius
717 3533 750 3592 in
770 3533 895 3594 modum
916 3532 998 3611 epici
1017 3531 1164 3592 carminis
1178 3531 1348 3602 cecinerat,

155 3656 238 3734 apud
260 3657 419 3718 lloratium
442 3657 485 3718 ita
507 3656 696 3727 nominatur,
723 3661 759 3716 ut
779 3628 829 3716 vel
847 3673 892 3716 ex·
906 3653 965 3715 hnc
988 3655 1060 3715 loco
1078 3651 1225 3717 coniicias
1244 3649 1348 3711 homi-

154 3777 203 3838 nis
229 3778 313 3842 illius
336 3780 517 3841 memoriam
547 3787 602 3839 ant
631 3778 839 3856 antiquiorum
869 3784 1032 3856 poetarum
1060 3773 1264 3848 carminibus,
1295 3779 1350 3834 aut

154 3900 314 3962 honrinum
335 3903 530 3966 sermonibus
556 3903 654 3965 luisse
679 3902 751 3962 olim
773 3899 974 3962 celebratam.
1007 3899 1065 3960 cb.
1091 3895 1127 3960 il.
1150 3901 1180 3958 S.
1197 3898 1236 3958 tl.
1252 3897 1282 3958 t.
1298 3895 1346 3958 96.

154 4023 244 4102 Quae
264 4039 335 4084 eum
351 4021 457 4086 'omnia
478 4027 539 4088 sint
560 4025 750 4096 certissima,
782 4030 848 4084 tum
874 4021 971 4084 multa
992 4023 1051 4082 alia
1070 4020 1239 4094 accedunt,
1268 4033 1349 4097 quae

154 4148 268 4227 etipsa
289 4164 308 4208 a
328 4148 445 4209 Lucilio
471 4156 604 4212 tractata
632 4147 727 4210 luisse
758 4153 878 4208 tautum
903 4145 1083 4208 coniectura
1109 4142 1199 4205 nobis
1226 4141 1348 4222 assequi

151 4258 236 4332 licat.
267 4271 367 4332 Nolim
387 4267 451 4331 huc
465 4271 585 4334 reterre
601 4271 736 4333 Socratis
759 4276 790 4331 et
803 4268 953 4348 Aristippi
973 4274 1005 4329 et
1017 4263 1191 4328 Polemonis
1211 4264 1346 4335 nomina,

153 4389 194 4456 do
213 4391 328 4471 quibus
347 4393 503 4456 Lucilium
526 4394 625 4472 egisse
649 4394 725 4456 satis
751 4398 874 4457 constat
885 4412 894 4464 3
924 4390 980 4454 sed
1000 4391 1169 4452 multorum
1188 4383 1355 4451 hominum.
