3290 5130
663 421 854 483 subnuba.
1285 433 1355 482 ‹tl-111

322 567 502 630 Alcmenam
531 573 624 646 atque
649 569 841 638 Ariadnam?
868 567 1019 630 Helenam
1039 565 1139 646 ipsam
1165 563 1300 642 denique
1319 595 1354 610 -
1447 607 1450 619 .

815 690 886 751 nolo

323 810 450 885 Dicere,
477 818 542 874 tute
559 811 648 884 vide,
672 819 764 890 atque
784 811 973 890 dissyllabam
996 811 1074 889 elige
1095 811 1235 889 quodvis.
1275 789 1285 816 '

168 938 203 992 et
227 947 308 992 aare
338 933 464 1010 quidem
491 940 583 1012 atque
600 934 712 995 allam
741 934 804 993 iam
829 934 996 997 Horaerius
1023 933 1176 1014 corrosit,
1211 933 1294 1011 quod
1311 932 1355 1024 in
1382 970 1386 977 -

168 1058 287 1130 texmm
306 1054 427 1132 recepit
446 1055 607 1135 Hauptius,
634 1055 740 1117 nescio
760 1038 872 1134 quibus
891 1054 1063 1120 rationibus
1087 1054 1208 1118 ductus.
1249 1053 1356 1131 Neque

169 1176 252 1234 enim
271 1174 333 1235 ulla
353 1182 401 1236 cst
423 1177 607 1249 necessitas,
630 1194 749 1255 neque,
771 1193 864 1256 guam
883 1176 936 1248 ille
956 1178 1068 1250 iactat,
1089 1175 1243 1255 elegantia
1260 1191 1357 1253 auge·

168 1300 229 1355 tur.
272 1296 331 1357 Sed
350 1297 465 1359 videsis
484 1299 616 1358 hominis
637 1299 793 1361 acumen?
818 1297 900 1376 quod
920 1297 1056 1358 Lucilius
1075 1297 1201 1358 Homeri
1225 1295 1355 1374 vestigia

169 1418 298 1495 pressit,
328 1419 460 1480 eundem
488 1438 610 1499 quoque
636 1421 777 1483 ordinem
804 1420 945 1481 illumin
973 1417 1192 1481 enumerandis
1214 1416 1355 1496 personis

168 1545 307 1600 secutum
328 1557 411 1615 esse,
436 1542 634 1602 statuendum
654 1549 710 1603 est.
746 1541 853 1620 ltaque
867 1548 986 1602 sextum
1009 1547 1040 1602 et
1053 1541 1218 1619 septimum
1231 1535 1355 1600 versum

169 1661 262 1746 tertio
284 1669 316 1722 et
335 1669 445 1741 quarto
465 1643 532 1726 loco
552 1664 665 1741 posuit.
709 1661 1024 1724 Praeterea'oiiendit
1043 1663 1124 1722 alias
1147 1677 1209 1719 non
1230 1659 1263 1719 in
1286 1674 1356 1719 ora·
1377 1632 1379 1638 V

168 1781 260 1842 tionis
278 1764 340 1843 line
360 1784 503 1862 positum,
519 1785 650 1844 emenda
663 1785 779 1863 igitur:
801 1785 985 1854 Ariadnam,
1001 1783 1089 1844 cuius
1103 1790 1135 1844 et
1153 1782 1250 1861 ipsius
1270 1779 1354 1861 apud

168 1903 335 1965 Homerum
356 1903 391 1965 lit
412 1905 537 1965 mentio.
579 1903 639 1965 Sed
661 1875 772 1964 Ledam
793 1905 892 1982 ipsam
913 1904 1040 1982 deaipae
1059 1905 1156 1963 multo
1175 1903 1277 1963 miuus
1294 1900 1356 1961 dici

168 2026 285 2102 potuit,
314 2025 397 2101 quod
424 2025 539 2085 Helena
560 2025 695 2085 omnium
724 2023 934 2104 pulcherrima
961 2031 1018 2086 est.
1060 2026 1128 2085 Duo
1155 2025 1251 2104 igitur
1275 2039 1356 2084 nova

169 2145 293 2206 nomina
315 2146 504 2224 reponenda.
547 2147 689 2206 Ariadna
710 2152 741 2206 ct
761 2148 893 2234 Helena,
917 2159 1062 2207 versuum
1083 2123 1355 2217 ordomutandus,

169 2267 263 2328 totius
281 2268 342 2338 loci
361 2269 453 2329 lectio
474 2269 583 2330 melius
603 2268 830 2329 constituenda.
873 2269 955 2328 llaec
985 2274 1032 2329 est
1058 2267 1109 2329 illa
1135 2266 1243 2329 iudicii
1262 2268 1353 2340 rado,

168 2405 260 2465 quam
281 2397 406 2451 secutus
424 2390 614 2452 Hoimannus
638 2389 854 2471 Perlkampius
879 2385 1038 2453 Horatium
1062 2389 1203 2470 corrupit
1228 2395 1260 2450 et
1281 2389 1354 2468 plu-

168 2511 246 2572 rima
259 2512 342 2591 apud
362 2512 524 2594 Virgilium
537 2519 681 2591 suspecta
700 2512 832 2584 habuit;
854 2529 946 2591 quam
958 2511 1111 2585 homines,
1129 2511 1183 2590 qui
1202 2511 1356 2591 ingeniosi

168 2630 315 2692 dicuntur
335 2635 385 2692 vel
404 2633 463 2693 sibi
478 2651 545 2694 esse
558 2632 715 2704 videntur,
737 2651 802 2693 non
814 2639 879 2692 tum
893 2633 1034 2693 veritatis
1047 2631 1149 2692 studio
1164 2632 1356 2709 amplectun-

168 2760 230 2826 tur,
253 2753 307 2813 sed
329 2753 411 2830 quod
432 2769 531 2814 vanae
551 2752 700 2832 gloriolae
720 2753 894 2832 indulgent.
937 2751 1026 2830 Quae
1044 2769 1136 2830 quam
1156 2761 1255 2832 prope
1275 2751 1357 2812 absit

169 2890 188 2933 a
207 2874 320 2950 puerili
340 2873 474 2951 quadam
495 2875 657 2936 insolentia
680 2881 773 2954 atquc
788 2875 959 2953 petulantia
976 2874 1072 2936 ‘iacile
1092 2841 1140 2935 est
1155 2872 1273 2947 videre,
1295 2875 1358 2935 Ho-

168 2996 294 3054 ratiana
316 2996 383 3068 illa,
412 3013 492 3074 quae
521 2991 629 3056 eodem
658 2996 739 3056 libro
764 3003 945 3090 sequuntur,
974 2995 1066 3076 paulo
1088 2997 1263 3059 accuratius
1284 3013 1357 3059 exa-

167 3117 367 3184 minantibus.
409 3118 469 3178 Sed
490 3115 550 3179 hac
571 3119 665 3180 dere
685 3121 775 3198 plura
797 3103 882 3181 alias.
919 3120 1040 3197 Quibus
1062 3137 1101 3182 ex
1122 3119 1309 3181 coniecturis
1323 3126 1357 3180 ut

169 3254 231 3298 non
253 3239 295 3298 ita
316 3241 448 3301 multum
469 3256 517 3301 me
539 3241 709 3320 proiecisse
733 3242 869 3322 ingenue
895 3227 1055 3320 profiteor,
1082 3242 1126 3304 ita
1146 3241 1237 3304 valde
1257 3241 1357 3302 mole-

167 3365 247 3420 stum
268 3360 344 3422 mihi
363 3363 437 3437 luit,
459 3362 541 3443 quod
565 3381 628 3424 non
648 3363 734 3443 prius
754 3365 786 3423 in
808 3382 892 3426 meas
914 3382 1024 3425 manus
1043 3364 1166 3426 venerit
1186 3361 1277 3435 liber,
1300 3361 1354 3439 qui

91 3517 95 3524 ,
169 3499 269 3560 nuper
295 3485 456 3562 evulgatus
484 3492 540 3546 est.
590 3485 733 3562 Origenes
760 3487 860 3563 poesis
889 3487 1043 3545 Romanae
1070 3484 1194 3561 scripsit
1218 3482 1277 3540 Dr.
1301 3479 1353 3540 W.

171 3603 308 3663 (lorssea.
331 3605 470 3667 Herolim‘
490 3607 574 3668 isto.
600 3607 654 3683 qui
674 3623 744 3666 cum
764 3605 847 3666 idem
861 3605 928 3666 lere
942 3609 1175 3683 argumentum,
1197 3602 1285 3664 cuius
1298 3618 1357 3684 ego

169 3728 299 3800 partem·
320 3725 420 3786 obiter
450 3729 553 3806 attigi,
594 3727 770 3788 accuratius
804 3701 1044 3806 diligentiusque
1082 3723 1278 3798 tractaverit,
1317 3724 1356 3786 de
1456 3730 1458 3734 ’

170 3845 363 3906 Carminibus
385 3849 612 3923 convivalibus,
635 3850 674 3911 de
694 3849 892 3912 Fescenninis
912 3849 1070 3922 versibus,
1093 3849 1132 3911 de
1146 3849 1257 3910 Satura
1277 3848 1357 3908 anti-

170 3981 247 4045 qua,
271 3966 309 4027 de
322 3967 435 4028 iabulis
447 3971 675 4043 Atellanis,‘de
690 3971 863 4032 didacticae
885 3971 987 4049 poesis
1000 3969 1138 4050 vestigiis
1159 3976 1191 4032 et
1210 3969 1249 4031 de
1263 3986 1356 4031 versu

171 4090 269 4167 egerit
296 4089 456 4162 Saturnio,
490 4092 581 4154 facile
618 4102 663 4155 est
694 4093 732 4154 ad
768 4090 1020 4174 intelligendum,
1058 4093 1154 4153 multa
1184 4106 1233 4152 me
1266 4089 1357 4150 aliter

173 4209 400 4288 disputaturum
422 4223 476 4274 aut
489 4216 729 4277 ‘enuntiatorum
749 4217 855 4290 luisse,
878 4215 903 4276 si
931 4214 970 4275 de
993 4215 1045 4275 illo
1068 4214 1148 4275 libro
1166 4214 1249 4276 edito
1271 4213 1356 4292 prius

169 4335 392 4410 cognovissem.
428 4334 488 4410 Sed
503 4331 542 4396 de
556 4336 668 4414 quibus
681 4339 763 4400 inter
783 4356 839 4400 nos
859 4337 1005 4400 convenit
1024 4337 1129 4411 rebus,
1154 4353 1210 4398 eae
1223 4335 1355 4407 duorum
