3242 5138
491 429 546 484 uu·
560 427 742 485 runsours
762 421 983 488 ludibundis,
1288 445 1335 486 m
1422 391 1424 405 '

146 579 312 651 duxerunt,
334 594 375 638 ex
389 574 499 637 eodem
512 590 628 652 genere
642 573 701 634 luit
720 574 851 635 Publius
871 572 974 636 Pecus
984 573 986 578 ’
997 574 1174 636 Puditnuue-
1185 575 1252 636 bib.
1267 577 1334 636 XV.

146 701 230 761 troi.
256 715 349 784 quem
368 689 519 776 Scipionis
539 700 736 776 quaestorem
758 696 811 756 illo
831 695 913 758 bello
938 696 1035 758 tuisse
1062 697 1258 776 putaverim
1286 704 1336 758 to-

151 828 216 884 tum
237 821 318 884 enim
339 819 549 900 fragmentum
568 819 647 898 pars
661 817 808 881 orationis
828 818 981 897 Scipionis
1007 835 1074 879 esse
1102 819 1243 880 videtur:
1277 819 1339 878 Pu*

148 943 229 1003 blius
244 943 352 1002 *Pauus
363 941 629 1002 *miliuuduouue
644 940 792 1017 Quaestor
814 941 905 1001 lbere
922 947 928 1013 1
945 935 988 1000 Iu
998 949 1080 1000 terre
1093 939 1156 1020 fuit
1169 940 1336 1022 lucifuqua

149 1051 275 1135 nebulo,
302 1064 336 1126 id
362 1053 456 1142 qeuue
486 1078 570 1123 reue.
617 1063 797 1141 cognomen
830 1062 1001 1123 Tuditeuus
1025 1062 1113 1146 genti
1139 1063 1343 1140 Semproniae

149 1185 281 1246 inditum
302 1181 378 1259 luit,
411 1185 485 1247 inde
506 1193 628 1260 ortum,
644 1185 738 1263 quod
760 1184 1013 1264 caputmalleoli
1035 1183 1135 1246 simile
1158 1182 1337 1256 habuerint,

150 1307 232 1386 quod
253 1314 340 1368 certe
362 1307 457 1368 Attcii
477 1307 634 1386 Capitonis
654 1306 804 1368 iudicium
825 1307 893 1368 tuit.

138 1456 140 1460 .
191 1401 419 1490 »craummus
440 1429 532 1490 ouius
553 1429 686 1489 nominis
706 1429 766 1489 furt
792 1430 824 1488 c.
842 1409 1042 1518 sempr-entes
1062 1429 1094 1490 c.
1110 1431 1142 1491 r.
1157 1427 1338 1503 ructemus,

91 1601 95 1608 .
150 1568 240 1630 quem
270 1546 396 1632 Dionys.
418 1551 656 1630 Horte.t.p.e.
686 1548 888 1628 λογιώτατον
912 1551 977 1616 eoin
1004 1550 1172 1634 Perpetuo
1196 1571 1341 1632 συγγρα-

150 1673 243 1754 φέων
272 1671 423 1753 appellat,
453 1687 514 1752 quo
541 1675 673 1735 Consule
700 1676 736 1734 P.
763 1674 868 1753 Scipio
895 1673 1059 1734 Africanus
1084 1673 1255 1734 exstinctus
1282 1679 1338 1733 est.

150 1797 213 1856 cro.
236 1797 272 1873 u.
294 1798 331 1857 o.
353 1798 391 1859 u.
407 1798 436 1858 5.
458 1774 505 1857 u.
528 1798 604 1874 nep.
627 1799 650 1857 r.
665 1795 694 1856 o.
712 1796 759 1856 ru.
787 1796 840 1872 qut
859 1813 930 1854 cum
951 1796 1034 1854 omni
1052 1795 1116 1854 vita
1137 1801 1230 1872 atquc
1257 1796 1341 1860 arua

151 1919 294 1980 excultus
314 1925 407 2000 atque
428 1917 582 1996 expolitos
605 1923 705 1988 esset,
728 1923 794 1975 tum
815 1915 881 1976 eius
901 1916 1027 1996 elegans
1047 1915 1094 1976 cs't
1112 1915 1253 1978 habiturn
1268 1887 1340 1975 ora-

151 2039 244 2100 tionis
261 2055 370 2118 genus.
387 2038 552 2099 Cicslirut.
583 2036 722 2097 Eundem
736 2036 819 2098 inter
832 2038 950 2116 legatos
966 2035 1103 2098 Mummii
1122 2037 1217 2096 tuisse
1229 2035 1340 2096 'Cicero

150 2178 190 2222 eu
203 2161 377 2222 -llortcnsio
406 2159 557 2220 audierat.
599 2158 661 2237 Qui
687 2175 758 2218 cum
785 2160 917 2219 Praetor
942 2160 977 2221 P.
1000 2156 1131 2239 Popillio
1158 2161 1193 2236 P.
1210 2157 1338 2236 Rupilio

150 2281 317 2344 casseu
338 2280 448 2353 fuerit,
473 2279 658 2370 non'potuit
678 2296 758 2340 anno
779 2287 851 2341 ante
872 2288 1017 2359 quaestor
1035 2282 1072 2341 P;
1088 2278 1241 2359 Scipionis
1261 2295 1339 2340 esse.

153 2404 261 2466 blelius
289 2410 393 2464 autem
416 2404 567 2481 quadrat,
596 2403 624 2464 si
646 2402 685 2464 ad
711 2403 811 2481 prima
832 2403 983 2482 Scipionis
1006 2401 1160 2482 stipendia
1184 2401 1236 2462 bie
1257 2402 1343 2462 locus

62 2597 68 2606 ¹
151 2524 300 2592 retertur.
327 2524 387 2585 Sed
401 2524 561 2586 etiamtum
576 2525 695 2602 reliqua
709 2532 757 2586 est
771 2525 941 2598 dubitatio,
963 2543 1037 2586 num
1062 2524 1162 2586 eidem
1183 2524 1228 2585 illl
1248 2525 1341 2584 etiam

153 2648 237 2711 Pavo
255 2661 367 2709 nomen
388 2645 501 2719 luerit,
523 2646 606 2723 quod
628 2646 755 2724 quidem
774 2663 791 2706 a
812 2644 985 2724 pavonibus
1001 2645 1121 2706 alendis
1132 2645 1344 2724 velsaginon-

153 2768 200 2828 dis
221 2773 323 2826 ortum
343 2782 411 2826 esse
429 2765 592 2846 existimo;
623 2783 684 2844 qua
707 2765 747 2827 de
771 2780 806 2826 re
825 2766 948 2834 mubus,
966 2773 1014 2827 eat
1044 2764 1162 2828 Plinius
1187 2768 1223 2826 ll.
1245 2769 1281 2828 lt.
1304 2768 1341 2826 X.

151 2887 190 2949 ²⁰
209 2905 294 2966 seur·
729 2965 731 2973 s

229 3007 600 3090 Primomlragmentum
628 3010 694 3072 Lib.
710 3014 750 3074 lt.
776 3012 837 3074 duo
868 3013 992 3075 nomina
1019 3011 1132 3086 babet,
1163 3014 1204 3074 dc
1231 3014 1344 3093 quibus

150 3131 348 3194 baudiacile
369 3139 495 3197 certum
512 3134 629 3214 aliquid
649 3135 800 3197 attuleris.
824 3136 918 3213 meur
936 3131 990 3198 illi
1010 3154 1078 3196 cum
1097 3135 1244 3197 uidissent
1263 3138 1345 3198 lior«

85 3264 89 3270 ·
152 3255 266 3316 leucius
286 3257 530 3334 Postumiusque.
573 3256 680 3318 ΕΗΙΙο
701 3256 827 3334 quidem
847 3260 881 3316 L.
897 3256 1078 3328 Hortensius
1099 3257 1194 3320 tuisse
1208 3257 1342 3331 videtur,

153 3375 191 3453 Q.
207 3376 389 3452 Hortensii„
406 3377 568 3463 clarissimi
587 3379 740 3452 oratoris,
768 3385 876 3457 pater,
904 3379 957 3456 qui
977 3391 1034 3457 pro
1054 3386 1198 3456 praetore
1223 3379 1345 3440 Siciliae

152 3496 192 3556 ab
213 3497 386 3576 acquitate,
412 3497 452 3560 ab
467 3498 560 3577 lege,
593 3499 633 3558 ab
660 3499 809 3563 institutis
835 3485 897 3558 non
923 3494 1105 3558 recedebat.
1147 3499 1207 3560 Sed
1234 3513 1344 3577 parom

154 3625 298 3692 constat,
322 3637 396 3680 num
417 3619 530 3700 fragm.
546 3619 595 3681 ut.
625 3637 662 3680 ex
695 3619 782 3680 libris
803 3620 932 3681 incertis
958 3619 1159 3712 adeundem
1185 3619 1345 3699 pertineat

153 3739 272 3798 iudicio
299 3741 443 3802 Hortensi
476 3743 517 3802 cd
548 3759 614 3803 cem
641 3759 704 3802 rem
734 3715 812 3802 'uara
839 3744 1008 3822 pelueetru.
1059 3743 1215 3804 Postumii
1239 3744 1346 3821 plures

153 3867 367 3935 numerantur,
390 3881 521 3942 quorum
542 3864 659 3928 mentio
672 3863 740 3927 lieri
759 3864 897 3943 potuisse
915 3863 1049 3932 videtur.
1085 3865 1171 3926 Alter
1184 3871 1231 3926 est
1253 3865 1344 3926 bomo

152 3982 454 4060 voluptuosissimus,
482 3985 522 4047 de
547 4001 608 4065 quo
630 3985 688 4048 eir.
711 3986 774 4048 Cic.
797 3985 836 4047 de
865 3987 953 4046 Finrr.
977 3989 1013 4048 lt.
1035 3988 1084 4046 PP.
1106 3987 1154 4048 70.
1187 3988 1241 4048 ubi
1273 4005 1341 4048 cum

151 4105 186 4165 C.
202 4103 314 4184 Sergio
331 4103 439 4179 Orata,
462 4109 562 4174 Crassi
576 4107 717 4169 Oratoris
739 4108 879 4186 aequali,
906 4107 1112 4185 componitur.

230 4227 316 4290 Alter
330 4234 378 4290 cst
392 4227 428 4288 Α.
445 4229 619 4305 Postumius
640 4232 675 4290 A.
686 4232 722 4292 ll.
740 4231 775 4290 A'.
792 4230 827 4290 u.
844 4229 974 4290 Albinus
995 4236 1122 4308 praetor
1141 4229 1343 4304 599,‘Consul

148 4347 223 4422 ddi,
246 4351 303 4428 qur
319 4348 480 4418 historiam
502 4353 619 4414 Graeco
640 4352 774 4432 scripsit.
799 4351 857 4412 cir.
880 4350 949 4412 Aul.
972 4352 1049 4414 Gall.
1067 4353 1119 4412 xl.
1137 4350 1231 4413 8.⁴ad
1251 4367 1352 4427 quem,
