3274 5134
549 425 602 484 nx
626 427 750 487 nrnnrs
775 415 961 488 lucanus.
1320 434 1353 488 sa

153 574 200 636 la.
231 573 333 648 Queis
355 573 441 636 hunc
462 589 590 634 currere
612 591 729 656 equum
750 593 809 636 nos
831 580 926 655 alque
947 575 1089 656 equitare
1112 577 1272 650 videmur,

230 687 290 749 Hir
313 688 434 768 equitat
456 672 640 770 curritque:
663 689 764 752 oculis
787 689 929 771 equitare
950 691 1114 752 videmus:

230 803 316 886 Ergo
340 801 442 864 oculis
465 803 586 885 equitat
609 837 639 848 -
658 837 693 849 -

156 917 202 977 13.
231 917 397 979 Pistricem
418 916 573 990 validam,
595 917 621 980 si
644 918 766 980 nummi
789 919 1057 1000 suppeditabunt,

228 1031 340 1094 Addas
364 1031 569 1112 empleuron,
591 1031 792 1112 mamphulas
815 1053 897 1114 quae
918 1034 998 1096 sciat
1019 1053 1141 1096 omnes.

154 1269 344 1278 m—

151 1453 295 1502 lectionibus
317 1466 363 1515 pro
392 1467 448 1503 vero
467 1455 529 1504 dedit
553 1455 615 1516 foret
627 1480 661 1491 -
671 1467 733 1516 puer
766 1467 813 1526 que
832 1455 897 1502 enim
914 1455 1024 1502 velerum
1036 1455 1137 1504 aelaset
1149 1456 1271 1504 bominem
1284 1469 1346 1518 equo

151 1543 229 1589 codem
253 1543 282 1590 de
304 1542 359 1602 foro
375 1567 411 1579 -
427 1556 502 1603 puero
527 1543 591 1592 dedit
615 1543 679 1603 [oret
698 1568 733 1579 -
764 1541 910 1591 insidentem
937 1542 961 1591 et
988 1555 1092 1606 equum,
1122 1543 1164 1604 qui
1189 1543 1344 1604 insideretur,

150 1634 210 1691 puer
233 1629 312 1678 codem
336 1629 428 1691 deferat
450 1630 519 1682 Lind.
548 1633 628 1680 cortem
648 1631 734 1692 deferet
764 1631 871 1692 equitem
902 1631 1026 1679 dixerunt.
1076 1631 1208 1692 Propterea
1238 1632 1345 1692 equitare

150 1718 181 1766 ci.
194 1719 262 1766 Dura
272 1719 371 1782 Varges.
390 1731 489 1778 uacum,
506 1721 606 1767 unctum
618 1719 657 1766 rel
668 1717 732 1768 bunc
764 1718 852 1780 edam,
873 1719 939 1780 quod
958 1719 1058 1766 verbum
1083 1731 1097 1766 a
1120 1719 1236 1768 vocabulo
1258 1721 1346 1780 equitis

152 1809 204 1854 tum
222 1804 301 1856 codd.
314 1805 427 1868 tuentur,
447 1805 504 1854 inde
516 1807 605 1866 Varsses
622 1808 731 1867 ouclnm,
764 1805 904 1854 inclinatum
926 1806 978 1867 est,
1005 1806 1031 1854 et
1053 1807 1127 1853 bomo
1151 1818 1213 1868 equo
1231 1807 1302 1858 utens
1320 1810 1346 1856 et

149 1892 219 1943 Lind.
233 1893 258 1940 et
268 1894 334 1941 Dosa
352 1905 442 1942 uncum
451 1894 584 1942 retinuere.
603 1895 675 1941 rodun
686 1905 731 1954 pro
763 1905 846 1953 equus
870 1893 915 1941 sub
942 1891 1041 1942 homine
1071 1893 1183 1954 gradiens
1210 1893 1342 1946 dicebatur.

152 1993 208 2029 aere
233 1981 376 2042 imperfecto
403 1981 494 2030 dictum
521 1995 573 2030 esse
600 1981 669 2031 lestis
695 1981 733 2030 est
762 1981 868 2030 Lucilius
888 1981 965 2043 adeo,
991 1981 1030 2031 vir
1047 1981 1156 2042 adprime
1174 1981 1278 2044 Linguae
1296 1986 1344 2032 La-

151 2067 256 2117 Lucilius
276 2068 322 2116 eir.
340 2069 406 2119 rest.
425 2069 469 2118 lid.
492 2071 546 2119 ou.
563 2084 588 2131 p.
601 2070 660 2118 boli.
689 2071 731 2131 qul
763 2068 827 2117 tinae
852 2069 945 2130 adens,
973 2082 1063 2130 equum
1087 2069 1196 2131 equitare
1220 2069 1283 2120 dixit
1307 2071 1344 2120 iris

150 2155 177 2205 et
195 2157 247 2218 lpse
264 2157 369 2206 allorum
380 2169 477 2207 versum
488 2157 569 2209 babet.
582 2161 657 2210 Turn.
670 2159 739 2210 dds«
762 2157 871 2206 versibus
883 2158 948 2208 etc.”
967 2169 1033 2220 quem
1046 2157 1122 2208 editt.
1136 2159 1193 2208 ante
1210 2161 1273 2210 lunt.
1292 2161 1343 2222 qula

151 2243 194 2304 ill,
214 2243 257 2294 all.
277 2245 353 2306 legite
761 2245 817 2294 Ald.
843 2246 930 2294 similia
953 2246 1027 2296 babel
1049 2247 1154 2296 llamob.
1177 2247 1277 2296 saturn.
1301 2249 1342 2298 Vl.

149 2333 247 2392 „Hune
269 2333 424 2396 catapiratem
450 2347 511 2396 puer
530 2335 617 2386 eodem
636 2335 730 2384 deleret
762 2333 785 2382 9.
805 2348 830 2395 p.
846 2335 915 2396 6193
934 2335 976 2397 qul
993 2336 1084 2384 babel:
1103 2347 1185 2396 nempe
1198 2335 1263 2383 burae
1275 2349 1341 2387 corr.
1415 2347 1430 2370 ⁰

457 2425 557 2472 unctum
760 2423 822 2474 Non.
850 2437 877 2484 p.
900 2423 943 2472 ab.
974 2425 1091 2486 Equitare
1114 2436 1211 2486 quoque
1238 2425 1344 2474 Lucilius

150 2509 273 2569 „blumbi
298 2511 432 2572 pauxillum
456 2513 532 2560 rodus
560 2513 652 2574 linique
673 2523 728 2560 ma-
761 2521 830 2558 ecum
849 2510 922 2572 dicii,
949 2525 1004 2560 cum
1028 2513 1059 2560 slt
1083 2512 1187 2564 bominis
1207 2525 1277 2561 ecum
1301 2515 1342 2562 ln-

461 2600 569 2648 taxam.''
733 2621 738 2626 ·
760 2596 880 2646 sidentis:
906 2600 986 2659 „quir
1007 2597 1071 2644 buce
1092 2611 1186 2644 currere
1206 2611 1274 2646 mum
1294 2611 1344 2647 uon

183 2685 287 2746 scrupi
299 2701 305 2731 ι
762 2697 838 2744 aquae
854 2685 960 2744 equitare
977 2683 1108 2745 videbunt,
1129 2684 1175 2732 lits
1187 2687 1276 2746 equitat
1288 2699 1344 2735 cur-

149 2775 230 2836 „fluc
242 2772 418 2834 cataprorateru
429 2772 515 2821 eodem
526 2772 729 2822 deieraluncum.
760 2773 836 2834 ritqac
857 2770 941 2823 oculta.
963 2783 1014 2819 uon
1031 2784 1103 2832 oeque
1119 2772 1210 2820 autel.
1237 2785 1282 2822 uos
1299 2777 1341 2822 ut*

150 2862 204 2923 „Pl
207 2893 535 2910 ........
577 2861 730 2913 ·mela1am.”
760 2873 803 2921 quc
820 2874 841 2909 c.
861 2861 967 2908 vlumus
984 2862 1027 2908 lli.
1050 2871 1095 2908 nor
1112 2873 1144 2908 ex
1161 2860 1237 2910 Gellio
1255 2873 1341 2912 emen-

183 2950 283 2998 Salmrs.
303 2949 418 2998 Exercitt.
437 2948 501 2998 Plin.
518 2961 545 3010 p.
561 2949 644 2998 told:
761 2947 854 2998 datum.
892 2949 1004 2999 ceterum
1021 2947 1111 2998 dixisse
1128 2948 1188 2997 haec
1205 2950 1232 2998 in
1252 2950 1342 3011 Sopbi-

150 3039 215 3100 „ln
235 3037 399 3100 catapirateris
417 3037 504 3088 eodem
524 3037 619 3087 deierat
641 3052 729 3088 uncum
760 3039 809 3089 sias
831 3039 949 3088 Lucilium
975 3037 1101 3088 admonuit
1128 3037 1247 3100 Scaliger,
1274 3035 1350 3100 quasi'

148 3127 204 3185 „Pl
206 3157 669 3177 ...........
673 3129 688 3151 ”
760 3126 870 3176 diceret:
905 3129 942 3175 Tu
959 3127 1028 3176 vides
1054 3138 1152 3174 currere
1177 3139 1267 3188 equum
1295 3128 1343 3177 tuis

182 3216 304 3264 amulone
330 3215 443 3266 cruceiua
470 3214 599 3264 lectionem
630 3219 729 3266 unctum
761 3217 850 3278 oculis,
871 3228 928 3277 erqo
946 3215 995 3264 tuis
1012 3215 1087 3264 oculis
1105 3215 1191 3264 currit.

149 3317 178 3354 eo
201 3303 328 3364 deiendit,
354 3303 421 3367 quod
440 3303 533 3368 plumbi
550 3305 729 3353 extremilatcm
798 3305 839 3352 la.
867 3306 932 3356 l'esl.
966 3304 1132 3365 „llampbula
1157 3303 1248 3352 dieitur
1274 3307 1342 3365 panis

148 3391 206 3441 sebo
230 3393 270 3442 rel
294 3392 366 3454 adipe
388 3392 474 3442 illium
496 3405 550 3442 esae
565 3393 665 3455 statuit,
690 3394 730 3443 cui
761 3390 961 3453 Syriacigenue,
983 3391 1065 3452 quod,
1086 3393 1115 3439 ut
1133 3391 1291 3452 adventius,
1318 3393 1343 3439 in

150 3491 221 3528 arena
242 3479 269 3527 in
286 3480 362 3530 londo
380 3482 454 3531 maria
470 3480 642 3542 adhaerescat3
663 3479 729 3542 quod
761 3481 870 3541 clibano,
895 3479 1024 3540 antequam
1047 3477 1224 3540 percoquatur,
1252 3477 1343 3527 decidit

149 3577 234 3614 verum
251 3567 328 3629 puto3
347 3569 474 3628 plumbum
485 3568 550 3618 euim
562 3569 624 3618 iliud
640 3581 730 3618 uncum
760 3570 786 3618 in
811 3568 929 3616 carbones
960 3567 1131 3626 cineremque,
1164 3567 1232 3614 culus
1253 3568 1341 3616 memi-

148 3655 239 3716 llnqere
257 3668 271 3704 a
288 3657 417 3706 nautarum
439 3659 539 3708 consilio
559 3657 664 3707 alienum
681 3658 728 3707 est.
760 3657 797 3706 nit
815 3654 920 3706 Lucillus
931 3655 995 3706 elc.''
1017 3654 1092 3704 Varro
1104 3655 1131 3704 L.
1143 3655 1171 3702 L.
1186 3653 1225 3702 1V.
1240 3654 1267 3716 9.
1283 3655 1340 3708 458.

149 3755 223 3805 quare
240 3756 337 3793 verum
362 3745 397 3794 ita
419 3747 549 3808 legendum
567 3759 618 3797 esse
637 3746 728 3796 statuo.
761 3744 868 3806 „pilum
883 3743 951 3806 quod
968 3756 998 3792 eo
1014 3742 1051 3792 iar
1067 3742 1172 3805 pisunt:
1198 3755 1212 3790 a
1235 3755 1284 3804 quo
1300 3745 1342 3792 ubi

150 3831 248 3893 „llunc
271 3833 426 3896 catapiratem
450 3849 513 3896 puer
532 3835 620 3886 eodem
636 3835 732 3885 dumet
760 3834 787 3882 id
804 3834 848 3895 lit,
873 3833 963 3884 dicitnr
981 3832 1112 3893 pistrinum
1131 3830 1161 3892 (L
1180 3831 1206 3878 et
1224 3832 1250 3894 s)
1271 3843 1342 3893 saepe

462 3924 563 3974 unctum
761 3923 825 3972 inter
843 3935 869 3972 se
886 3923 968 3972 locum
984 3918 1142 3970 commutant.
1158 3919 1227 3968 ¹lude
1243 3921 1299 3982 post
1317 3921 1342 3970 ln

151 4011 274 4076 „blumbi
300 4009 434 4073 pauxillum
457 4012 533 4062 rodus
555 4013 659 4075 linique
675 4025 730 4061 me·
762 4011 823 4062 urbe
843 4011 928 4060 Lucilii
951 4009 1058 4070 pirlrisu
1078 4008 1104 4056 et
1130 4007 1248 4068 pucuca’
1276 4007 1343 4068 quod

461 4100 568 4151 taxam.”
763 4099 797 4149 ita
821 4098 1005 4160 intelligendum
1027 4107 1079 4146 esse
1105 4096 1211 4146 ostendit
1227 4096 1341 4155 Scaliger,

186 4191 298 4239 umerum
315 4189 374 4237 baec
391 4187 442 4237 duo
459 4187 592 4249 fragmenta
614 4189 668 4238 iure
687 4201 732 4240 auo
762 4190 791 4239 ut
807 4189 924 4238 verabido
940 4186 1048 4250 porrina
1066 4185 1092 4234 et
1107 4185 1229 4245 uictrice
1252 4183 1344 4232 Lucilio

149 4279 237 4338 larges
253 4278 328 4326 lertio
345 4277 410 4326 libro
428 4275 583 4338 adscdpsiare
602 4277 710 4328 ridetur.
763 4279 853 4341 scripta
868 4289 920 4326 esse
937 4273 1092 4324 menmium
1108 4271 1150 4322 ait.

187 4365 229 4417 Η.
249 4365 339 4414 Gellius
355 4367 384 4415 ll.
399 4367 426 4414 l.
442 4367 529 4414 xvssr.
545 4365 569 4416 t.
585 4364 612 4414 8.
632 4366 732 4426 „plera-
