3290 5130
547 453 596 511 DE
614 453 808 516 oanrtouu
827 455 975 516 LUCILII.
1255 478 1357 520 cxxxix

168 599 259 662 modo
285 599 382 664 multa
408 597 504 661 verba
534 615 551 660 a
581 589 698 662 Lucilio
726 590 821 663 fuisse
854 590 1019 681 usurpata,
1050 621 1183 682 quorum
1206 609 1356 672 memoria

168 731 277 802 postea
296 721 474 784 oblitterata
489 729 546 796 est,
568 724 624 785 sed
644 725 862 786 nonnullorum
877 725 970 787 etiam
985 725 1242 805 significationem
1262 728 1357 793 tuisse

169 852 330 908 mutatam.
373 849 539 907 Praeterea
561 847 729 908 nonnullae
749 847 867 908 formae
890 847 931 908 ab
951 864 988 908 eo
1010 854 1152 910 servatae
1169 856 1253 927 sunt,
1276 867 1357 929 quae

170 967 210 1028 ad
228 965 389 1034 historiam
407 966 494 1028 verbi
513 967 613 1040 Latini
633 967 847 1030 illustrandam
869 970 998 1032 iaciunt.
1040 971 1168 1033 Exstant
1191 973 1273 1034 enim
1295 972 1357 1034 duo

169 1087 313 1150 infinitivi
333 1088 450 1150 facturi:
474 1090 717 1168 deorpentoosere
739 1099 770 1152 et
789 1093 1024 1171 mpceulassarc
1045 1112 1125 1173 quae
1144 1101 1181 1154 ut
1195 1095 1356 1170 nonnulla,

170 1227 250 1288 quae
266 1211 350 1290 apud
368 1212 513 1274 Plautum
532 1213 689 1291 leguntur,
711 1215 887 1276 testimonio
900 1221 989 1290 sunt,
1012 1217 1131 1296 priscos
1151 1216 1358 1279 informando

170 1340 265 1411 temp.
288 1332 346 1394 sut.
371 1334 462 1394 aliam
480 1335 583 1414 legem
603 1353 670 1402 esse
690 1342 823 1400 secutos.
845 1343 880 1398 ut
901 1337 983 1398 enim
1002 1339 1102 1417 prima
1121 1356 1255 1417 persona
1275 1338 1356 1418 pert.

171 1456 252 1518 coni.
275 1456 308 1518 in
332 1458 391 1518 sim
418 1457 520 1535 piusq.
543 1473 633 1537 cong.
657 1457 690 1518 in
719 1476 792 1530 sem,
820 1477 876 1532 ses,
902 1468 946 1520 sot
972 1467 1035 1522 ete.
1076 1461 1135 1522 inf.
1160 1461 1241 1540 peri.
1268 1461 1302 1520 in
1327 1478 1358 1524 se

170 1577 334 1640 terminata
355 1585 419 1651 est,
439 1579 482 1638 ita
503 1579 560 1640 iot.
576 1580 649 1641 olim
670 1581 704 1640 in
722 1598 766 1652 so,
787 1581 844 1643 ini.
859 1582 892 1642 in
909 1600 974 1644 sere
987 1581 1094 1655 desiit,
1116 1601 1209 1661 quam
1228 1583 1359 1648 formam

171 1701 263 1780 vulgo
285 1717 343 1782 pro
363 1700 554 1764 tutsexacoo
580 1701 714 1776 habent,
743 1703 799 1764 sed
823 1702 970 1764 infinitivi
995 1703 1178 1782 significatio
1205 1720 1222 1763 a
1253 1703 1358 1766 futoro
1442 1690 1445 1701 ¹

170 1821 300 1901 simplici
327 1838 389 1891 non
419 1823 549 1896 recedit.
589 1821 677 1885 Unde
706 1830 792 1884 recte
819 1824 931 1900 aliquis
956 1824 1096 1903 colligat,
1125 1843 1139 1884 s
1167 1825 1303 1886 litteram
1325 1825 1358 1887 in

169 1953 276 2007 vetere
303 1945 522 2024 coniugatione
547 1943 655 2006 Latina
677 1959 781 2022 ,aeque
806 1961 842 2005 ac
869 1943 954 2024 apud
978 1947 1112 2008 Graecos
1141 1945 1181 2006 ad
1211 1945 1360 2024 temporis

149 2065 435 2128 dominaturam
461 2065 660 2132 indicandam
687 2067 782 2128 tuisse
807 2065 996 2140 adhibitam,
1022 2067 1057 2128 id
1084 2066 1248 2148 quodpiam
1268 2075 1358 2132 vetus

170 2187 270 2249 to'rnta
289 2205 349 2259 eso,
372 2190 443 2258 esis,
467 2189 540 2260 coit,
561 2206 619 2268 pro
645 2206 696 2250 ero
716 2188 863 2254 ostendit.
905 2191 1024 2250 Graece
1048 2189 1144 2268 igitur
1169 2192 1267 2250 torma
1292 2207 1357 2250 aor.

170 2309 263 2386 primi
285 2329 361 2384 σαι,
381 2309 499 2384 Latine,
521 2309 579 2370 ini.
600 2310 680 2389 pert.
703 2327 753 2384 se,·
771 2309 890 2372 Graece
910 2308 966 2374 ini.
993 2310 1050 2372 fut.
1073 2311 1166 2390 prim.
1189 2330 1270 2386 oeta,
1295 2314 1355 2372 La·

167 2428 235 2492 tine
260 2449 334 2494 sere.
376 2432 440 2492 lam
465 2430 548 2524 quod
574 2429 623 2495 his
649 2431 755 2496 tornis
782 2433 816 2494 in
838 2452 858 2497 u
881 2438 914 2493 et
938 2451 953 2493 e
977 2433 1190 2503 desinentibus
1217 2434 1357 2510 litteras

169 2553 383 2632 praeponitur,
408 2554 467 2615 hoc
488 2553 568 2616 inde·
583 2562 685 2624 ortum
703 2569 771 2616 asse
793 2554 928 2628 videtur,
951 2555 1035 2633 quod
1054 2554 1281 2635 longitudinem
1301 2573 1358 2618 vo·

169 2674 282 2737 calium
297 2677 382 2736 nulla
401 2675 521 2740 ratione
535 2675 645 2735 melius
659 2690 752 2751 quam
765 2674 882 2752 duplici
899 2683 1090 2736 consonante
1103 2675 1235 2753 exprimi
1255 2692 1359 2754 possse

169 2796 359 2864 statuebant.
401 2795 494 2872 Quod
515 2793 640 2873 quidem
670 2795 702 2856 in
731 2795 770 2857 iis
798 2795 919 2869 verbis,
941 2812 1022 2873 quae
1043 2802 1233 2858 consonante
1256 2796 1359 2872 littera

171 2917 371 2991 desinebant,
394 2935 456 2979 non
476 2935 604 2979 necesse
625 2923 711 2990 erat,
733 2935 803 2980 cum
825 2916 1048 2980 antecedentes
1066 2920 1192 2996 vocales
1217 2919 1278 2980 iam
1300 2935 1358 2996 po·

169 3039 281 3102 sitione
301 3038 559 3118 producerentur.
601 3041 746 3102 Ceterum
765 3040 869 3102 littera
896 3058 912 3102 s
938 3040 1086 3120 temporis
1112 3021 1220 3113 loturi,
1248 3057 1358 3120 sper·
1397 3105 1400 3110 ,
1513 3092 1518 3116 ,

170 3159 246 3220 tecti
273 3159 451 3240 respondit,
480 3167 517 3224 ut
545 3160 580 3222 bo
607 3162 726 3240 primae
747 3168 779 3222 et
799 3157 955 3227 secundae
980 3163 1206 3242 coniugationis
1229 3181 1246 3222 o
1269 3164 1320 3225 vel
1339 3182 1360 3226 a

170 3281 319 3362 perlecti,
341 3283 457 3362 quippe
478 3300 559 3362 quae
580 3281 705 3344 litterae
723 3283 893 3344 innumeris
913 3284 991 3346 locis
1009 3284 1093 3350 inter
1112 3301 1145 3346 se
1166 3285 1361 3350 contundan-

171 3411 231 3466 tur.
273 3406 333 3466 Sed
354 3404 467 3472 eadem
485 3406 538 3466 illa
560 3404 736 3466 terminatio
755 3405 848 3475 etiam
868 3405 1055 3467 documento
1075 3414 1138 3477 est,
1164 3405 1293 3466 verbum
1315 3424 1359 3476 co,

172 3528 233 3598 ivi,
253 3529 346 3598 itum,
371 3529 416 3587 iro
436 3545 499 3588 non
519 3527 620 3588 minus
640 3525 680 3587 ad
701 3532 841 3605 tempora
861 3525 950 3586 verbi
969 3525 1070 3586 Latini
1085 3524 1247 3597 formanda
1267 3541 1360 3603 quam

172 3647 301 3708 verbum
321 3666 405 3720 sum,
426 3649 495 3729 fui,
517 3667 584 3712 csse
599 3645 783 3710 adhibitum.
806 3649 844 3708 Et
861 3645 922 3708 hoc
936 3647 1061 3725 quidem
1082 3665 1153 3710 cum
1172 3647 1204 3706 in
1219 3646 1360 3710 contessa

171 3768 222 3841 sit,
241 3769 349 3830 Lucilii
366 3788 489 3850 quoque
509 3771 695 3833 alletoritate
710 3769 921 3845 confirmatur,
941 3770 996 3831 ubi
1016 3770 1154 3850 potissit,
1176 3775 1207 3830 et
1224 3771 1359 3847 petisset,

171 3888 335 3974 manifesta
356 3899 427 3952 sunt
446 3892 578 3966 indicia3
605 3892 660 3954 scd
688 3892 769 3972 apud
793 3891 926 3954 eundem
954 3892 1046 3954 etiam
1067 3891 1195 3952 alterius
1219 3890 1361 3977 tiemonis

171 4018 244 4072 suot
266 4025 385 4091 paucae
398 4014 565 4092 reliquiae,
588 4034 627 4078 en
639 4015 751 4094 quibus
762 4014 857 4074 iacile
870 4014 1064 4091 intelligitur,
1085 4014 1178 4075 latius
1191 4013 1262 4074 olim
1275 4015 1360 4076 illam

171 4135 272 4212 legem
293 4134 440 4213 patuisse.
482 4136 583 4212 Quem
609 4138 648 4200 ad
671 4138 796 4200 modum
822 4137 918 4216 igitur
938 4135 1045 4196 Latine
1066 4135 1180 4197 dicitur
1202 4137 1264 4199 Cur
1286 4144 1313 4197 te
1333 4136 1360 4196 is

171 4257 340 4334 perditum,
368 4258 498 4318 occisum
527 4259 569 4318 iri
595 4265 655 4320 etc.
683 4267 718 4322 ut
741 4261 816 4322 Cato
845 4275 896 4338 ap.
920 4257 998 4318 Geli.
1021 4259 1057 4318 N.
1082 4259 1116 4318 Α.
1139 4259 1177 4318 X.
1200 4259 1245 4320 rt.
1270 4256 1358 4328 dixit,

171 4393 247 4454 poce
276 4379 457 4445 contumelio
489 4378 567 4440 mili
598 4379 714 4458 foetum
748 4384 821 4442 ttor.
857 4381 899 4442 ita
916 4365 1021 4460 ‘apud‘
1044 4381 1194 4442 Lucilium
1223 4377 1357 4456 legitur:
