3286 5126
290 445 339 490 aar
608 427 711 500 QUAE
728 429 957 490 tucmlartae
976 431 1152 490 sirum

289 575 384 640 huius
402 577 506 657 poem'a
524 577 700 656 proprietas
722 579 822 658 posita
843 577 914 640 init.
954 579 992 639 lit
1011 577 1270 657 quemadmodum
1289 577 1395 641 titulos
1414 581 1478 642 ite-

290 701 484 780 dyputtatice
502 706 536 762 et
552 699 757 778 Epicharmos
777 697 817 762 ad
836 700 991 760 luxuriam
1011 705 1044 762 et
1063 698 1103 762 ad
1129 698 1385 780 philosophomm
1401 716 1479 780 per-

290 823 467 884 versitatem
481 828 625 902 spectare
638 821 790 896 vidimus,
810 821 865 896 ita,
881 837 961 900 quae
976 821 1055 884 aliae
1067 822 1286 902 inscriptiones
1305 837 1480 885 mameran-

289 952 352 1019 tur,
382 947 550 1025 Praecepto
578 951 612 1006 et
639 945 830 1024 Protreptico
858 950 971 1023 poetae
1000 945 1162 1006 consilium
1192 945 1350 1019 iudicant,
1384 946 1477 1024 plane

289 1067 447 1130 diversum
463 1067 516 1129 -ab
538 1083 576 1130 ea
601 1067 707 1146 poesi,
737 1083 818 1145 quae
845 1083 936 1163 nunc!
954 1065 1080 1145 quidem
1104 1069 1215 1146 Satyra
1243 1066 1370 1128 dieitur.
1409 1067 1478 1144 Qua

288 1189 417 1270 quidem
444 1206 483 1250 ex
513 1203 550 1248 re
579 1187 774 1267 intelligitur,
805 1203 863 1250 our
890 1189 1025 1250 Lucilius
1054 1205 1153 1252 novae
1179 1190 1309 1252 Saturae
1334 1189 1481 1250 inventor

288 1309 416 1372 dieitur.
457 1309 519 1387 Qui
539 1309 665 1388 quidem
686 1311 743 1372 etsi
767 1311 928 1390 praeclare
949 1311 1089 1374 ernuditos
1110 1312 1238 1374 Graecis
1256 1282 1369 1373 litteris
1386 1302 1480 1390 atque

290 1431 421 1508 Latinis,
443 1439 547 1494 tamen
566 1433 664 1494 multo
682 1432 781 1512 magis
799 1433 907 1513 populi
927 1431 1056 1496 Romani
1075 1433 1235 1512 ingenium
1250 1440 1284 1494 et
1301 1449 1404 1496 mores
1417 1449 1480 1494 ex·

290 1555 419 1635 pressit,
443 1554 560 1634 quippe
583 1553 637 1632 qui
660 1556 809 1633 primores
823 1555 935 1635 populi
951 1532 1158 1634 populumque
1178 1553 1316 1618 tributim
1334 1555 1481 1634 arripue-

289 1677 348 1753 rit,
368 1677 544 1757 pellemque
558 1674 739 1751 detraxerit,
760 1693 822 1756 qua
835 1677 964 1756 quisque
977 1694 1036 1756 per
1049 1693 1103 1738 ora
1116 1675 1289 1752 incederet,
1312 1677 1480 1738 introrsum

289 1799 409 1880 turpis3
427 1799 474 1861 ita
503 1806 538 1862 ut
558 1799 723 1862 Diomedes
752 1807 839 1862 recte
866 1799 933 1864 eius
955 1801 1094 1864 carmina
1122 1801 1277 1864 amaseae
1302 1799 1482 1863 comoediae

286 1921 471 1986 charactere
496 1922 666 2002 composita
688 1921 812 1983 dixerit.

367 2042 428 2104 Sed
453 2041 536 2122 quod
567 2059 660 2121 supra
690 2042 840 2116 vidimus,
872 2063 934 2106 uou
962 2045 1053 2108 modo
1082 2065 1185 2110 mores
1211 2063 1287 2110 suae
1315 2045 1424 2110 aetatis
1446 2045 1481 2108 iu

289 2165 475 2229 uuiversum
494 2163 630 2238 noterit,
651 2165 707 2226 sed
726 2165 809 2228 viros
832 2165 1037 2230 nobilissimos
1058 2176 1151 2247 atque
1171 2170 1400 2248 potentissimos
1419 2185 1481 2230 nou

292 2288 465 2370 generatim
497 2285 551 2348 sed
583 2285 763 2350 nominatim
792 2288 984 2366 perstrinxit,
1019 2307 1121 2367 neque
1141 2289 1240 2351 solum
1270 2292 1345 2354 vitia
1374 2309 1482 2354 eorum

287 2411 414 2492 operuit
428 2417 521 2488 atque
535 2409 707 2488 posteritati
722 2407 867 2482 tradidit,
889 2409 944 2470 sed
965 2426 1004 2469 ne
1024 2409 1082 2470 sibi
1104 2410 1228 2488 quidem
1245 2411 1304 2490 ipsi
1326 2411 1480 2491 pepercit.

289 2535 387 2596 Recte
402 2533 497 2612 igitur
509 2531 570 2593 hoc
583 2547 697 2592 novum
717 2531 818 2610 poesis
834 2549 932 2611 genus
946 2531 1079 2606 dixeris,
1103 2531 1185 2610 quod
1208 2532 1267 2594 uisi
1282 2547 1394 2602 nomeu
1410 2551 1483 2596 eum

291 2658 431 2720 Enniana
451 2657 505 2717 illa
518 2661 639 2729 satura,
664 2669 744 2733 quae
758 2660 845 2716 recte
859 2653 898 2716 ad
912 2653 1100 2716 didacticum
1118 2671 1216 2736 genus
1229 2655 1376 2730 retertur,
1398 2671 1484 2718 com*

291 2799 385 2844 mune
404 2778 561 2843 habuerit.
596 2777 655 2866 Sed
675 2775 715 2838 ad
736 2778 798 2840 oris
811 2778 989 2841 libertatem
1004 2785 1037 2840 ct
1049 2778 1216 2860 iugenuam
1236 2779 1322 2839 illam
1334 2777 1482 2840 vitiorum

292 2903 541 2984 obiurgatiouem
568 2900 699 2962 accessit
718 2902 880 2980 praeclara
901 2901 1020 2981 ingenii
1039 2902 1112 2976 vis,·
1124 2903 1201 2962 mira
1222 2901 1371 2966 orationis
1396 2873 1483 2962 iesti-

289 3028 372 3088 vitas
391 3025 582 3103 multumque
609 3024 682 3085 salis
717 3030 810 3103 atque
837 3024 934 3096 aceti,
964 3042 1026 3103 quo
1053 3040 1217 3104 perversos
1242 3021 1384 3093 homiues
1410 3039 1484 3103 per-

293 3147 453 3210 funderet.
474 3147 551 3210 Nam
565 3153 597 3208 et
609 3155 720 3227 poetae
734 3147 882 3210 natalium
898 3144 1022 3207 claritas
1037 3153 1068 3208 et
1087 3147 1257 3208 amicorum
1271 3143 1370 3226 gratia
1390 3141 1484 3223 atque

291 3270 478 3344 auctoritas,
507 3268 561 3332 sed
589 3255 731 3349 inprimis
758 3275 934 3349 temporum
954 3269 1077 3330 illorum
1101 3269 1228 3330 licentia
1249 3267 1390 3331 inimicos
1410 3284 1484 3347 pro-

286 3391 412 3467 hibuit,
435 3409 496 3474 quo
515 3392 617 3454 minus
638 3391 844 3455 contumeliae
856 3391 996 3454 dolorem
1017 3391 1160 3471 graviore
1179 3409 1280 3471 poena
1294 3391 1484 3454 ulcisceren-

290 3523 354 3579 tur.
395 3518 501 3596 Neque
526 3513 660 3595 partium
685 3513 851 3588 studim-a
882 3533 945 3596 quo
972 3513 1054 3576 liber
1075 3515 1201 3576 omniuo
1224 3511 1320 3576 tuisse
1346 3514 1481 3588 videtur,

293 3657 327 3702 ee
347 3639 476 3702 retineri
499 3655 607 3720 passus
626 3644 689 3712 est,
720 3639 794 3718 quin
810 3645 847 3700 et
865 3638 1022 3718 optimatis
1043 3645 1075 3700 et
1093 3635 1235 3700 homiues
1254 3637 1437 3718 populares,
1458 3637 1484 3697 si

239 3807 243 3820 .
286 3761 385 3824 modo
405 3759 491 3841 digni
516 3759 726 3834 videbantur,·
742 3761 842 3823 libero
871 3777 925 3824 one
953 3768 1086 3824 notaret.
1128 3761 1173 3825 Ne
1199 3763 1269 3841 quie
1295 3767 1398 3824 tamea
1423 3761 1483 3824 hoc

292 3883 351 3946 sibi
378 3883 583 3964 persuadeat,
612 3883 754 3952 illumin
783 3884 901 3944 saturis
924 3882 1097 3946 scribendis
1123 3884 1155 3946 id
1182 3901 1279 3948 uuum
1304 3886 1421 3965 egisse,
1449 3894 1485 3947 nt

293 4005 468 4086 aequalium
487 4005 724 4086 perversitatem
737 4006 845 4068 amicis
863 4007 915 4067 vel
936 4007 1051 4086 populo
1064 4005 1266 4071 deridendam
1290 4010 1482 4090 propinaret.

296 4130 358 4192 etat
377 4129 460 4192 enim
483 4129 712 4208 Quinctiliautre
732 4128 798 4190 eius
823 4128 1017 4200 libertatem,
1046 4129 1248 4192 acerbitatem
1270 4135 1303 4190 et
1322 4128 1485 4194 abuudan-

295 4251 433 4314 dautiam
451 4253 523 4314 salis
543 4257 780 4324 commemorat,
806 4249 952 4328 idemque
973 4252 1070 4312 multo
1089 4253 1152 4314 sale
1170 4252 1281 4313 urbem
1302 4251 1484 4314 defricuisse

297 4381 330 4437 et
351 4377 497 4452 secuisse,
516 4382 550 4437 at
571 4392 640 4440 acea
659 4381 753 4454 atqua
772 4373 921 4435 ototeatm
944 4371 1040 4436 luisse
1056 4374 1188 4447 dicitar;
1206 4381 1240 4436 et
1259 4373 1429 4447 luvenalis,
1449 4380 1485 4433 ut
