3242 5138
288 437 355 480 esar
485 417 797 483 normannorum
816 407 1013 484 uunnnttlt
1030 419 1296 484 taumatia*

288 583 347 648 per
365 581 455 630 casus
469 572 501 628 et
521 571 661 646 tempora
675 566 833 630 declinare
848 565 948 650 uerba
968 567 1053 630 scitis
1074 575 1106 629 ct
1126 568 1271 640 nomina:
1293 568 1369 648 quia
1387 587 1480 632 voces

287 687 438 751 barbaras
449 688 709 768 soloecismosque
723 690 838 762 uitara;
853 690 924 770 quia
939 707 1138 752 numerosum
1152 698 1184 754 ct
1196 691 1382 754 instructum
1394 707 1481 755 cum·

286 812 483 890 positumque
494 818 733 882 sermonemaut
745 811 804 892 ipsi
814 829 869 874 uos
880 813 975 874 nostis
986 813 1107 887 efferre,
1122 821 1187 887 aut,
1198 813 1373 894 incomptus
1383 827 1479 893 quum

287 935 394 1010 luerit,
415 935 514 1008 sciam
535 934 608 1014 quia
628 934 790 998 Fornicem
810 935 1002 996 Lucilianum
1022 943 1058 996 et
1074 937 1226 1014 Marsyam
1247 935 1410 1015 Pomponii
1422 933 1481 996 olr-

287 1057 442 1136 signatum
452 1057 601 1118 memoria
614 1056 825 1143 continetis?”
854 1056 942 1121 Unde
956 1061 1042 1120 recte
1057 1056 1167 1136 aliquis
1181 1057 1344 1132 coniiciat,
1364 1056 1480 1120 librum

286 1179 384 1252 iilum,
399 1179 432 1240 in
446 1195 508 1258 quo
521 1177 656 1240 Lucilius
671 1178 767 1238 multa
782 1178 989 1240 Grammatico
1003 1179 1193 1253 tractaverit,
1209 1179 1369 1242 llurnicem
1383 1179 1479 1244 luisse

285 1299 481 1380 inscriptum.¹
503 1299 586 1378 quod
600 1299 725 1379 quidem
738 1317 851 1362 nomen
861 1299 948 1363 unde
962 1307 1098 1364 tractum
1117 1301 1174 1376 sit,
1196 1301 1288 1384 piane
1301 1302 1476 1384 ignoratur.

285 1421 346 1484 Sed
360 1423 427 1484 Van
441 1420 594 1484 lleusdius
606 1421 681 1485 iude
696 1421 832 1495 coniicit,
851 1423 1003 1486 fornicem
1017 1424 1102 1488 illum
1114 1441 1183 1486 casa
1192 1441 1298 1486 arcum
1309 1423 1477 1488 Fabianum

284 1542 320 1604 iu
338 1559 427 1604 sacra
449 1543 515 1618 ria,
537 1549 570 1605 ct
589 1544 672 1624 quod
694 1541 890 1624 Porphyrion
912 1545 952 1607 ad
975 1547 1047 1608 Hor.
1067 1547 1100 1610 S.
1121 1548 1143 1607 Ι.
1160 1547 1210 1611 ΙΧ.
1226 1548 1275 1609 78.
1297 1545 1336 1608 ad
1357 1546 1475 1613 uerba:

284 1665 328 1725 sr'c
341 1683 387 1727 mo
401 1668 535 1727 seruauit
548 1667 660 1746 Apollo
674 1666 855 1734 adnotavit:
879 1665 969 1742 „hoc
984 1667 1025 1730 de
1044 1685 1136 1730 sensu
1158 1669 1322 1730 Homerico
1335 1669 1475 1750 sumpsit,

285 1795 422 1866 quercet
443 1788 578 1860 Lucilius
591 1790 623 1850 iu
637 1791 747 1872 Satyra
761 1791 813 1852 lx.
836 1791 1098 1871 repraesentavit,
1109 1789 1126 1816 ”
1148 1791 1334 1854 lloratiauae
1347 1793 1478 1870 Satyrus

278 1917 379 1989 atquo
408 1911 587 1973 Lucilianae
612 1911 695 1974 idern
725 1911 792 1975 lare
820 1920 1038 1993 argumentum
1064 1913 1158 1976 luisse
1186 1913 1314 1986 statuit3
1348 1913 1477 1976 Pactam

285 2033 368 2093 enim
398 2031 481 2092 circa
507 2047 615 2093 arcum
642 2033 812 2094 Fabianum
838 2035 871 2094 in
897 2035 1053 2096 hominem
1081 2035 1236 2115 quendam
1265 2036 1476 2116 importunum

284 2153 448 2229 inuidisse,
473 2171 607 2232 eumque
638 2152 892 2228 frumentarium,
915 2155 971 2234 qui
997 2163 1127 2236 metae,
1160 2157 1231 2218 olim
1257 2154 1424 2237 publicano
1439 2157 1476 2236 (i)

284 2276 374 2338 cuius
393 2276 428 2338 in
451 2275 659 2356 cognitionem
679 2275 801 2338 venisse
825 2274 957 2350 videtur,
983 2275 1043 2338 hoc
1064 2275 1250 2352 iniunxerit,
1271 2285 1308 2338 ut
1318 2278 1477 2340 ¹dolensiu-

283 2415 372 2471 uem,
402 2415 495 2476 quam
521 2395 660 2460 criminis
686 2395 817 2458 alicuius
850 2413 943 2458 causa
978 2398 1015 2458 in·
1045 2397 1094 2458 ius
1119 2405 1263 2470 vocatus,
1296 2408 1476 2476 paraverat,

281 2519 467 2582 emendaret
487 2525 581 2598 atquc
603 2518 776 2597 corrigeret
789 2538 798 2590 3
825 2534 919 2597 quam
943 2518 1068 2598 quidem
1091 2535 1157 2580 rem
1184 2518 1230 2578 illi
1256 2535 1363 2580 ansam
1379 2536 1478 2597 prae-

211 2665 225 2680 *
283 2643 403 2717 buisso,
429 2651 466 2704 ut
491 2647 523 2705 et
549 2642 589 2707 de
612 2641 819 2706 Grammatico
841 2648 874 2704 rt
892 2640 932 2704 tle
955 2639 1113 2704 rhetorica
1140 2641 1235 2706 multa
1258 2639 1476 2720 disputaverit.

282 2765 375 2844 Quod
394 2765 431 2829 ut'
449 2767 609 2847 ingeniose
635 2765 810 2828 coniectum
832 2780 899 2828 esse
910 2781 989 2828 mon.
1005 2765 1202 2846 negaverim,
1225 2771 1337 2826 tamen.
1354 2765 1478 2828 uouiia

281 2890 474 2969 argumentis
502 2885 660 2952 firmatum
692 2895 786 2968 atque
816 2887 969 2949 munitum
996 2896 1062 2963 est,
1093 2895 1129 2950 ut
1157 2887 1297 2970 omnium·
1316 2901 1475 2950 assensum

284 3009 366 3072 terre
389 3027 479 3091 posse
504 3011 658 3073 videatur.
700 3011 924 3074 Habettamsn
940 3007 1022 3072 haec
1043 3009 1215 3082 sententia,
1237 3026 1298 3088 quo
1319 3025 1477 3086 commen·

281 3131 394 3206 detur;
415 3132 644 3214 primumquod
665 3135 769 3200 multis
789 3134 884 3198 rebus
903 3133 1066 3214 probabile
1080 3131 1294 3203 esscrviuetur,
1317 3131 1476 3193 lloratiurn

282 3255 395 3328 Lucilii
421 3256 552 3337 vestigia
572 3258 669 3320 multo
693 3258 793 3338 magis
810 3257 980 3338 pressisse,
1009 3273 1102 3335 quam
1129 3254 1232 3317 adhuc
1255 3253 1401 3334 opinione
1421 3270 1476 3313 re·

281 3353 408 3457 ceptum
431 3385 496 3453 est,
519 3386 551 3440 st
571 3380 653 3460 quod
675 3380 786 3446 similia
805 3379 903 3442 verba
923 3395 964 3442 ex
984 3385 1119 3471 utroque
1137 3377 1275 3440 carmine
1295 3375 1474 3438 laudantur.

281 3499 343 3562 Sed
369 3501 513 3565 subtilior
539 3502 707 3582 disputatio
734 3501 773 3564 rie
801 3501 914 3564 litteris
939 3507 971 3562 et
997 3471 1124 3580 syllabis
1150 3506 1182 3560 et
1204 3499 1244 3560 ab
1264 3497 1475 3566 ambulatione

282 3631 314 3684 et
343 3623 383 3682 ab
413 3625 563 3686 orationis
597 3625 740 3690 examine
764 3623 950 3704 longissima
981 3623 1091 3687 abasse
1120 3621 1266 3700 uidetur3
1300 3637 1396 3702 quare
1416 3621 1477 3682 etsi

281 3743 516 3825 iuscriptiouem
540 3745 626 3808 illam
652 3763 759 3808 veram
780 3765 848 3810 csse
875 3747 991 3821 iudico,
1022 3753 1126 3810 tamen
1153 3752 1185 3808 et
1209 3745 1277 3808 eius
1296 3760 1422 3808 causam
1442 3748 1476 3805 st

277 3871 377 3928 totam
392 3867 537 3930 carminis
551 3867 784 3949 dispositionem
803 3884 859 3950 nos
877 3869 1024 3950 ignorare
1043 3867 1179 3948 ingenue
1199 3866 1359 3948 profiteor,
1380 3863 1475 3944 idque

281 3989 467 4070 prudentius
496 3992 612 4082 lactum
646 3999 739 4072 puta,
773 4008 866 4072 quam
901 3991 991 4054 noris
1019 4009 1116 4071 usque
1147 3989 1335 4080 coniecturis
1351 4003 1475 4057 uaoaru

281 4111 442 4191 gloriolam
463 4131 626 4192 quaerere.
638 4113 780 4195 'Saepius
803 4113 886 4176 euim
906 4113 956 4187 iit,
978 4119 1014 4177 ut
1027 4113 1238 4187 coniecturae,
1254 4111 1474 4192 quibusuutte

281 4234 387 4314 ignota
413 4243 502 4310 suut,
536 4237 695 4316 explicare
714 4235 891 4312 studemus,
915 4236 1004 4316 ipsas
1026 4237 1235 4318 explicatione
1263 4241 1406 4316 egeant„
1425 4233 1475 4296 uel

278 4375 433 4422 uovorum
452 4365 593 4422 errorum
615 4358 824 4449 ¹crustumini.
859 4359 1027 4424 Praeterea
1049 4367 1136 4422 rccto
1150 4355 1401 4422 animaduersum
1415 4360 1472 4429 est,
