3286 5126
284 450 389 496 aruir
481 433 531 492 bu
549 429 792 492 SINGULORUM
808 431 1006 491 Lteaotttttl
1026 427 1282 492 caeteteris.

282 581 405 663 legibus
423 585 646 644 coercerentur
665 597 716 642 res
729 595 801 642 suas
820 584 981 658 separatus
1001 574 1120 639 babere
1142 585 1174 640 et
1193 577 1343 638 mundum
1362 574 1475 640 mulie-

281 705 370 766 brem
396 711 429 765 et
453 701 677 783 supellectilem
704 701 904 768 domesticam
932 701 1048 762 aliatbn
1076 698 1294 780 suppeditare,
1327 705 1361 760 et
1383 706 1474 762 terre

281 825 422 904 marique
450 826 501 887 vel
530 841 602 886 cum
631 824 742 906 capitio
770 824 911 904 periculo
939 841 1006 886 rem
1032 821 1149 884 iacere.
1199 823 1297 885 Porro
1323 820 1473 897 fallacias,

284 947 399 1028 quibus
418 947 587 1010 femineum
605 948 766 1027 ingenium
784 946 867 1008 bene
886 952 1011 1010 mutum
1030 944 1175 1008 meritum
1194 942 1355 1018 eluderet,
1381 959 1475 1022 repu-

280 1071 440 1150 gnantiam
459 1067 635 1144 hominumn,
657 1083 737 1146 qnae
757 1067 851 1130 belen
868 1068 1034 1130 multorum
1048 1035 1184 1147 capitum
1197 1061 1370 1141 videretur,
1389 1066 1476 1136 rixas

282 1201 314 1256 et
331 1194 451 1274 iurgia,
479 1207 559 1272 quae
585 1199 724 1252 mutuam
749 1189 1000 1266 benevolentiam
1015 1197 1060 1252 et
1081 1188 1279 1270 renuentium
1307 1188 1474 1268 contegam

282 1317 444 1388 tollerent,
474 1315 566 1376 ctiam
586 1313 733 1376 adulterii
758 1311 909 1390 flagitium
937 1311 1111 1390 expositum
1132 1311 1229 1374 luisse
1249 1311 1474 1392 suspicamur,”

281 1437 373 1514 Quae
402 1436 541 1516 quamvis
570 1435 669 1503 sosius
689 1433 828 1516 exposita
854 1432 935 1507 sint,
964 1439 1067 1494 tamen
1092 1451 1133 1495 ee
1159 1432 1349 1513 sicquidem
1378 1435 1474 1496 melta

281 1558 456 1638 fragmenta
476 1555 516 1621 ed
536 1557 613 1620 illud
634 1563 851 1636 argumentum
869 1555 1028 1636 pertinere
1048 1555 1223 1635 putaverim
1236 1565 1250 1628 ;'
1275 1557 1373 1618 multe
1400 1557 1473 1636 plu·

280 1682 358 1743 rima
378 1681 461 1742 enim
483 1681 543 1740 alio
564 1687 707 1759 spectare
720 1679 878 1740 videntur.
914 1676 989 1740 Mihi
1010 1678 1092 1741 enim
1108 1678 1243 1740 Lucilius
1263 1677 1296 1740 in
1318 1677 1476 1742 tricesimu

281 1801 378 1873 libro,
399 1819 491 1880 quem
511 1803 653 1864 ultimum
673 1802 768 1864 luisse
788 1808 900 1876 smine,
922 1801 1035 1864 itcruur
1059 1800 1099 1862 ab
1122 1801 1260 1863 omnium
1283 1799 1474 1864 obtrectato-

281 1940 366 1998 rum,
388 1925 595 1997 inimicorum,
617 1923 792 1986 invidorum
812 1921 1108 2004 reprehensionibus
1131 1939 1164 1984 se
1185 1922 1364 1986 defendisse
1382 1921 1473 1984 vide·

282 2051 344 2118 tur,
372 2045 455 2122 qued
483 2052 518 2105 ut
547 2044 607 2105 rite
637 2044 705 2105 lieri
733 2053 858 2124 posset,
884 2047 988 2107 emnia
1014 2053 1104 2107 erant
1123 2045 1311 2126 repetenda,
1340 2063 1420 2126 quae
1441 2047 1474 2108 in

282 2167 439 2248 prioribus
466 2166 555 2228 libris
584 2165 808 2245 disputaverat.
849 2166 954 2243 Quare
984 2185 1046 2228 nen
1076 2168 1188 2229 mirum
1217 2176 1279 2243 est,
1308 2151 1405 2233 multa
1424 2185 1475 2232 re·

281 2305 426 2362 currere,
471 2305 551 2369 quae
590 2288 651 2349 iem
682 2295 773 2350 antea
804 2286 944 2350 absoluta
981 2305 1048 2349 esse
1077 2287 1275 2350 videbanter.
1336 2291 1474 2352 Primum

281 2410 379 2489 igitur
399 2410 437 2472 dc
465 2427 520 2470 sue
546 2408 704 2470 scribendi
730 2407 835 2470 studio.
859 2410 939 2488 agit,
966 2411 1075 2472 XXVl.
1104 2409 1187 2487 qued
1214 2411 1303 2472 multi
1324 2411 1476 2503 ¹laudibus

282 2531 473 2594 celebrarint
492 2531 613 2592 XXVll.
636 2530 688 2592 alii
708 2528 959 2609 reprehendant,
986 2531 1069 2610 quod
1088 2531 1254 2592 multorum
1276 2533 1357 2594 vitia,
1381 2539 1475 2594 neta·

281 2654 381 2724 rerit3
405 2653 592 2714 LXXXVlll.
613 2653 755 2734 inprimis
775 2661 879 2714 autem
894 2653 969 2716 Gaio
987 2653 1109 2716 cuidam
1129 2653 1312 2734 respondet,
1334 2655 1389 2733 qud
1402 2671 1475 2718 cure

261 2777 431 2850 ‘laeserat
454 2777 590 2838 XXVlll.
606 2775 730 2838 XXXll.
746 2779 794 2838 Ll.
811 2779 872 2838 Lll.
889 2777 951 2842 tv.
975 2778 1028 2857 qui
1051 2793 1177 2839 suorum
1201 2777 1391 2857 scriptorum
1413 2778 1474 2838 mi-

282 2917 393 2961 norem
408 2915 477 2960 esse
497 2897 622 2960 laudem
637 2915 729 2978 aegre
746 2915 854 2978 passus
867 2899 977 2961 XXlX.
997 2901 1064 2980 ipse
1078 2901 1131 2960 illa
1145 2899 1327 2962 laudaverat
1338 2899 1474 2962 XXXlX.

283 3021 343 3083 Sed
363 3021 499 3092 trustra3
521 3021 631 3098 paucis
652 3020 735 3080 eninr
752 3019 791 3082 de
812 3037 847 3082 se
867 3020 1065 3099 lequemibus
1084 3020 1162 3082 fides
1181 3001 1317 3084 habetur
1335 3025 1473 3087 XXXlll.

284 3145 340 3204 Cui
358 3142 484 3222 quidem
505 3141 659 3203 maledico
679 3150 791 3222 poetae
815 3150 851 3204 ut
877 3141 1082 3222 respoudeat,
1113 3144 1165 3206 vix
1197 3161 1215 3206 u
1242 3163 1275 3206 se
1305 3147 1474 3226 impetrare
1601 3135 1604 3151 '

283 3265 420 3346 petuisse
441 3266 550 3326 XXXl.
565 3265 702 3327 XXXIV.
716 3264 811 3326 XXX.
834 3265 948 3327 acriter
971 3266 1067 3345 igitur
1093 3266 1159 3328 eius
1179 3269 1389 3330 curiositatem
1412 3269 1474 3331 im-

285 3395 404 3469 pugnat
416 3389 533 3452 XLVII.
546 3387 679 3448 XLVlll.
701 3385 824 3449 iudiciis
840 3388 1009 3450 amicorum
1023 3405 1056 3450 se
1068 3387 1209 3450 defendit
1224 3391 1297 3452 LlX.
1313 3391 1472 3452 LXXXlll.

283 3509 454 3573 LXXXIX.
474 3511 556 3573 illius
575 3510 694 3572 scelera
715 3516 877 3574 enumerat
903 3510 1009 3572 LXVI.
1032 3509 1172 3573 LXVllI.
1193 3511 1289 3574 LXll.
1311 3512 1419 3574 Lvlll.
1443 3519 1475 3574 et

284 3634 396 3713 pellem
418 3635 447 3695 ei
473 3633 627 3708 detrabit,
655 3650 716 3713 qua
741 3632 860 3695 nitidus
876 3631 1043 3694 incedebat
1071 3631 1135 3694 LX.
1158 3632 1234 3695 LVl.
1257 3634 1350 3696 bVll.
1371 3650 1474 3714 neque

285 3771 356 3822 oum
377 3754 500 3817 divitius
517 3756 626 3817 iuvare
646 3753 716 3815 XX.
739 3771 858 3832 ueqrre,
880 3770 958 3833 ques
977 3753 1113 3827 iactitet,
1134 3754 1258 3818 labores
1274 3755 1391 3818 Xlllll.
1411 3753 1474 3820 bec

283 3895 356 3940 erim
375 3895 411 3939 re
431 3878 568 3939 maculas
588 3890 651 3938 non
670 3877 734 3939 elui
755 3877 868 3940 XXlV.
909 3880 954 3939 Ex
973 3877 1080 3940 tabula
1099 3877 1151 3939 illo
1171 3876 1212 3939 de
1231 3885 1358 3958 aegrote
1382 3879 1473 3940 leone

284 3997 325 4058 ll.
349 3998 406 4063 lll.
423 3999 474 4061 lV.
497 4000 607 4078 eliquis
627 3999 785 4074 coniiciat,
808 4001 901 4062 etiam
921 4000 960 4063 de
979 4001 1064 4063 lalsis
1084 4002 1190 4064 amicis
1210 4000 1310 4080 egisse
1328 4009 1474 4081 pecierit

284 4121 339 4200 qui
357 4137 429 4182 cum
448 4120 519 4183 delo
536 4129 567 4183 et
586 4121 700 4186 imede
717 4121 847 4184 eliorum
862 4124 993 4204 gratiam
1006 4125 1220 4204 captaverint,
1242 4131 1350 4204 postea
1369 4100 1473 4186 lecum

285 4259 339 4306 ees
360 4243 529 4306 inuadendi
548 4253 713 4324 quaerunt.
753 4247 858 4308 Potuit
876 4243 955 4308 baec
975 4246 1174 4312 fraudulento
1194 4245 1330 4308 amicitia
1354 4247 1388 4308 iu
1414 4265 1473 4308 uu-

284 4384 371 4428 mero
393 4368 538 4432 vitiorum
560 4369 651 4448 poni,
680 4368 840 4449 quaesibi
866 4369 1054 4451 exagitanda
1071 4388 1139 4434 esse
1161 4377 1253 4451 poete
1273 4369 1471 4432 existimavit.

327 4888 591 5098 Α.
708 4848 844 5099 4
929 4813 1133 5100 lt
