3242 5138
291 443 351 484 nan
639 423 689 480 oti
707 421 889 480 PERSONIS
908 422 1129 482 luctantum.

291 569 402 647 aliquis
420 585 545 650 uersum
563 568 630 630 Lib.
653 567 756 630 XXVl.
776 567 824 628 td.
845 567 963 628 referat
976 587 990 626 :-
1008 577 1134 630 ueterem
1155 571 1315 631 historiam
1335 571 1478 636 inductos

290 691 390 753 studio
416 689 524 752 soritis
550 691 591 750 od
614 709 734 752 amores
760 699 836 751 tuos.
864 709 957 769 quem
984 707 1079 770 supra
1105 709 1137 769 p.
1159 692 1266 752 XXlV.
1295 689 1356 753 hoc
1383 709 1478 756 versu

289 812 496 893 significatum
514 831 584 874 esse
604 814 708 874 statui.
738 813 890 874 Hostilius
903 813 956 891 qui
971 813 1011 874 ir.
1027 814 1056 874 t.
1078 812 1144 875 lib.
1161 814 1198 874 ll.
1217 830 1255 874 ex
1268 830 1337 876 mea
1351 814 1478 892 quidem

290 935 468 996 coniectura
483 943 752 1006 commemoratur,
775 939 807 995 L.
823 935 969 996 Hostilius
986 935 1124 998 Tubulus
1146 953 1213 998 esse
1227 935 1362 1010 videtur,
1384 955 1478 1014 quem

288 1057 328 1118 ir.
343 1059 373 1118 lt.
395 1057 463 1118 Lib.
479 1059 503 1118 l.
525 1059 642 1118 notavit
660 1057 812 1127 Lucilius,
832 1074 925 1134 quem
939 1075 1034 1118 unum
1055 1074 1095 1120 ex
1114 1058 1198 1118 omni
1211 1058 1359 1119 memoria
1379 1060 1478 1120 scele-

288 1180 475 1242 ratissimum
489 1186 523 1240 et
533 1179 770 1240 audacissimum
785 1178 879 1241 iuisse
890 1179 997 1240 Cicero
1011 1187 1119 1241 auctor
1134 1187 1191 1241 est.
1205 1197 1263 1258 pro
1276 1179 1392 1240 Scauro
1406 1182 1430 1240 1.
1444 1180 1475 1240 d.

288 1301 358 1378 qui,
388 1317 458 1360 oum
484 1309 611 1379 praetor
638 1301 693 1359 iit
722 1300 933 1377 quaestionem
957 1302 1041 1362 inter
1058 1302 1186 1364 sicarios
1206 1301 1411 1374 exercuisset,
1433 1303 1478 1364 ita

288 1429 397 1501 aperte
410 1423 559 1500 pecunias
570 1423 611 1482 ob
622 1441 688 1484 rem
702 1422 901 1484 indicandam
911 1429 1049 1501 ceperat,
1065 1431 1099 1484 ut
1110 1442 1190 1484 anno
1202 1431 1271 1502 post
1284 1427 1318 1484 P.
1329 1424 1478 1486 Scaevola

289 1550 329 1605 tr.
344 1545 386 1621 pl.
409 1543 508 1604 terret
521 1543 561 1605 od
578 1545 718 1625 plebem,
741 1545 898 1606 vellentne
913 1545 951 1606 de
965 1561 1002 1605 ea
1023 1563 1057 1605 re
1072 1547 1191 1622 quaeri.
1224 1546 1293 1621 Quo
1313 1545 1478 1624 plebiscito

288 1664 416 1734 decreta
430 1682 447 1725 a
461 1674 570 1728 senatu
586 1674 633 1730 est
646 1669 769 1728 Consuli
783 1668 923 1746 quaestio
934 1668 989 1729 Cn.
1001 1667 1130 1728 Servilio
1142 1667 1299 1746 Caepioni.
1314 1665 1478 1730 Proiectus

287 1789 319 1849 in
331 1788 471 1850 exsilium
481 1790 620 1868 Tubulus
630 1791 732 1852 statim
745 1808 802 1851 uec
813 1789 1003 1869 respondere
1011 1805 1121 1859 ausus;
1134 1787 1290 1848 eratenim
1298 1797 1475 1868 resaperta.

287 1909 346 1971 etr.
362 1911 425 1971 Cic.
447 1911 487 1972 de
506 1912 594 1970 Finn.
618 1912 719 1972 1151.
742 1914 793 1972 lV.
810 1914 859 1974 28.
874 1914 922 1972 77.
945 1914 982 1974 V.
997 1912 1045 1974 ii.
1061 1911 1110 1974 dl.
1142 1910 1203 1988 Qui
1223 1909 1307 1989 apud
1328 1911 1478 1972 Lucilium

287 2030 378 2092 simul
398 2049 469 2090 cum
488 2031 617 2091 llostilio
637 2033 833 2106 nominatur,
861 2033 992 2094 Manlius
1020 2040 1128 2105 catax,
1156 2033 1195 2094 de
1224 2050 1260 2094 eo
1284 2031 1360 2094 nihil
1389 2051 1477 2094 oom-

288 2153 369 2231 perti
388 2150 549 2213 habemus.
593 2151 696 2212 Fuerit
724 2153 778 2212 Co.
801 2153 948 2224 Manlius,
977 2169 1038 2229 quo
1065 2155 1191 2214 consule
1217 2171 1316 2232 prope
1335 2156 1478 2216 Tolosam

286 2276 416 2336 Romani
440 2274 613 2335 axeimbris
645 2274 835 2333 atrocissimo
865 2272 983 2351 proelio
1009 2272 1084 2332 victi
1107 2277 1194 2344 sunt,
1218 2275 1306 2334 cuius
1326 2274 1366 2336 de
1387 2293 1479 2354 prae·

288 2397 429 2468 nomine,
465 2397 585 2456 liarcus
613 2411 651 2454 an
681 2395 793 2456 cneius
819 2393 930 2465 luerit,
964 2400 1050 2453 tanta
1079 2393 1287 2470 discrepantia
1315 2402 1479 2457 auctorum

289 2524 345 2578 est.
368 2518 425 2578 eir.
449 2516 511 2576 liv.
528 2517 606 2594 lipit.
623 2517 739 2576 LXVll.
763 2515 852 2576 Oros.
868 2516 905 2574 V.
923 2513 968 2576 16.
992 2515 1073 2575 Plut.
1093 2516 1167 2574 liar.
1186 2516 1224 2573 11.
1247 2515 1374 2594 Eutrop.
1391 2520 1428 2577 V.
1446 2522 1476 2578 1.

290 2642 372 2700 Com.
396 2640 435 2700 ad
455 2641 516 2701 Sal.
544 2642 617 2712 111;
648 2639 728 2702 Duk.
752 2640 791 2701 ad
822 2641 900 2703 Flor.
923 2636 974 2701 111.
990 2640 1018 2701 d.
1052 2639 1121 2700 Fuit
1139 2646 1304 2719 praeterea
1323 2638 1375 2700 illo
1394 2646 1478 2700 tem-

289 2777 365 2840 pore
385 2763 421 2823 Α.
436 2763 582 2837 Manlius,
610 2781 701 2842 quem
723 2764 810 2824 ilarii
831 2765 968 2843 legatum
994 2763 1078 2826 bello
1103 2763 1286 2844 iugurthino
1307 2762 1402 2823 tuisse
1423 2762 1481 2822 sa

288 2885 399 2945 iustius
425 2885 530 2945 tradit.
572 2887 711 2962 Quorum
742 2895 812 2946 uter
842 2886 972 2944 Manlius
1001 2887 1053 2946 ille
1078 2903 1155 2946 coxo
1190 2886 1300 2957 tuerit,
1333 2883 1479 2962 equidem

290 3006 406 3066 nescio.
449 3005 508 3066 Sed
531 3014 634 3066 tamen
661 3005 759 3082 magis
782 3004 902 3064 animus
927 3004 1072 3076 inclinat,
1101 3011 1136 3064 ut
1162 3003 1202 3062 ad
1229 3003 1365 3079 priorem
1390 3005 1480 3065 illum

290 3127 400 3188 Lucilii
420 3146 543 3190 versum
557 3128 739 3188 referamus.
779 3125 869 3203 Quod
890 3127 1022 3188 sirecte
1044 3123 1180 3196 conieci,
1201 3122 1295 3184 edam
1318 3123 1479 3188 Hostilium

291 3267 366 3314 non,
382 3250 652 3312 sceleratissimum
682 3250 767 3310 illurn
799 3253 994 3327 praetorem,
1028 3245 1084 3306 sed
1117 3244 1219 3323 potius
1251 3245 1285 3306 il.
1317 3245 1479 3308 Hostilium

291 3375 466 3436 Mancinum
480 3372 575 3434 fuisse
588 3378 680 3449 puto,
703 3372 756 3449 qui
777 3387 846 3430 curn
868 3369 1062 3432 Numantinis
1074 3367 1142 3444 sine
1157 3367 1480 3430 auctoritatesenatus

294 3496 405 3558 foedus
419 3496 558 3567 iecerat3
580 3495 633 3573 qui
653 3511 723 3555 cum
743 3493 966 3574 ignominiosae
979 3491 1061 3551 illius
1074 3489 1226 3569 pactionis
1239 3496 1348 3552 auctor
1360 3491 1478 3566 inisset,

293 3620 410 3680 Lucilio
424 3621 493 3680 iure
508 3637 563 3680 suo
577 3617 683 3678 dicere
704 3617 812 3687 licuit;
834 3615 984 3676 Hostilius
1004 3621 1110 3674 contro
1129 3621 1241 3691 pestem
1258 3605 1481 3691 perniciemque

293 3748 384 3800 oeteo
403 3759 493 3819 quom
516 3749 545 3824 et
562 3739 698 3801 dioniius
712 3736 809 3798 nobis.
841 3737 1000 3797 Vocabula
1016 3735 1098 3796 enim
1117 3740 1237 3813 pestem
1257 3740 1289 3794 et
1308 3733 1478 3812 perniciem

294 3862 412 3923 rectius
432 3862 472 3924 de
492 3861 580 3924 clade
603 3861 688 3922 etde
708 3877 784 3938 pace
804 3858 1008 3938 ignominiosa
1027 3873 1119 3936 quarn
1139 3855 1179 3917 de
1199 3854 1380 3927 sceleribus,
1401 3870 1481 3932 quae

295 3983 386 4044 homo
405 3984 457 4044 ille
477 3985 590 4063 impius
609 3982 824 4055 commiserat,
850 3981 1077 4060 intelliguntur.
1119 3981 1184 4040 lam
1210 3979 1237 4040 si
1261 3977 1371 4040 statuis
1391 3979 1480 4039 lilan-

295 4107 370 4166 lium
393 4109 478 4167 illum
500 4123 649 4166 cononem
665 4103 798 4168 eundem
819 4103 930 4178 luisse,
953 4103 1042 4164 cuius
1058 4102 1150 4181 culpa
1169 4117 1280 4180 magua
1304 4100 1357 4160 illa
1377 4098 1482 4162 clades

297 4229 380 4308 opud
403 4230 545 4290 Tolosam
566 4236 694 4308 accepta
717 4227 827 4298 luerit,
861 4232 946 4287 reete
977 4225 1110 4288 Lucilius
1137 4224 1244 4288 ambos
1273 4223 1481 4302 composuisse

300 4354 432 4427 videtur,
464 4353 579 4431 quippe
601 4367 731 4429 quorum
751 4349 874 4429 ignavia
895 4365 1007 4411 nomen
1028 4350 1198 4412 Romanum
1218 4359 1363 4425 magnam
1384 4342 1482 4404 hono·
