3250 5136
284 1145 606 1234 Mammisea
633 1147 1197 1220 commutamur

497 1303 623 1370 a'roun
645 1302 977 1361 ousunvarronuu.
1082 1368 1085 1380 ¹

656 1493 821 1502 m...—

217 1674 285 1731 Cum
305 1678 407 1733 iamin
427 1680 626 1748 conquirendis
644 1678 742 1734 Lucilii
765 1681 928 1748 fragmentis
947 1680 1093 1749 praeclara
1117 1677 1238 1734 bominis
1261 1679 1328 1733 duc·

147 1765 264 1832 tissimi‚
296 1763 437 1821 Laurentii
457 1765 596 1836 laerscbii,
624 1768 763 1823 industria
782 1768 895 1823 adiutus
930 1767 1048 1834 inerim,
1084 1781 1175 1836 nuper
1207 1764 1328 1821 bominis

147 1854 310 1920 acutissimi,
326 1853 439 1909 Henrici
450 1852 613 1924 Duentzeri,
628 1856 747 1911 accessit
759 1855 924 1923 liberalitas,
939 1855 997 1925 qut,
1011 1869 1074 1909 cum
1087 1868 1186 1908 omnes
1197 1853 1329 1924 plagulae

147 1941 183 1996 ab
202 1943 339 2011 operariis
358 1943 431 2013 typis
450 1944 609 2013 exscriptae
630 1947 741 2011 esseut,
769 1944 806 1999 ad
825 1958 871 1998 ms
889 1943 1082 1998 collectionem
1106 1941 1329 1996 coniecturarum

147 2034 175 2084 et
194 2029 422 2085 observationum
442 2031 610 2099 transmisit,
630 2045 715 2101 quam
734 2036 764 2086 ut
782 2032 810 2085 in
828 2031 905 2086 calce
922 2031 987 2086 libri
1005 2029 1128 2085 adiicere
1147 2029 1260 2098 liceret,
1280 2029 1328 2084 rix

146 2133 163 2172 a
183 2118 384 2174 modestissimi
403 2118 523 2173 bominis
544 2120 654 2188 pudore
671 2119 825 2188 impetrare
844 2119 932 2190 potui.
969 2117 1026 2174 Sed
1045 2121 1153 2186 gratum
1172 2131 1218 2172 me
1236 2117 1328 2171 omni-

140 2203 199 2260 bus
218 2207 354 2262 iacturum
372 2221 437 2261 esse
455 2221 555 2275 spero,
582 2208 629 2277 qui
650 2209 679 2263 in
695 2208 797 2263 iisdem
816 2207 916 2262 studiis
935 2210 1096 2274 versantur,
1122 2205 1198 2275 quud
1217 2217 1267 2259 eas
1284 2204 1328 2259 iu-

147 2297 240 2366 tegras
260 2257 363 2364 publici
382 2294 451 2349 iuris
470 2295 603 2362 lecerim;
623 2310 697 2363 nam,
718 2296 828 2350 etiamsi
845 2307 901 2348 non
913 2295 1007 2350 omnia
1019 2293 1148 2348 omnibus
1164 2292 1328 2362 probantur,

104 2399 105 2404 ¹
146 2385 238 2436 tamen
261 2381 313 2436 boc
333 2387 377 2438 est
394 2383 599 2454 certissimum,
624 2384 710 2439 variis
732 2382 875 2452 homiuum
894 2384 1039 2438 doctorum
1065 2381 1231 2436 coniecturis
1252 2380 1327 2436 viam

144 2470 179 2525 36
199 2486 297 2527 verum
316 2471 515 2526 inveniendum
533 2473 652 2536 muniri;
672 2471 742 2526 meis
761 2472 876 2540 quidem
895 2471 1062 2525 coniecturis
1079 2469 1150 2524 banc
1168 2473 1244 2524 certo
1265 2470 1327 2524 lau-

145 2559 209 2612 dem
232 2564 358 2628 paratam
381 2573 445 2612 esse
465 2558 612 2626 existimo,
637 2561 667 2611 ut
687 2556 844 2612 Ennianum
866 2557 935 2612 illud
961 2561 1038 2612 recte
1056 2557 1181 2612 dicatur:
1207 2561 1254 2625 pici
1275 2561 1327 2612 siti

143 2649 269 2698 semitam
288 2663 340 2699 non
359 2649 486 2714 sapiunt,
505 2648 592 2698 alteri
608 2650 768 2699 monstrant
783 2648 868 2699 vium.

214 2729 309 2796 Quare
339 2733 465 2802 integrae
494 2731 628 2786 Duutzeri
659 2732 837 2786 coniecturae
868 2737 896 2786 et
926 2731 1139 2787 obseruationes
1166 2733 1324 2802 exscriptae

146 2825 227 2888 sunt,
247 2835 302 2874 rron
321 2820 444 2888 omissis,
463 2821 556 2890 siqua
574 2811 657 2876 lectio
678 2821 734 2876 iam
752 2835 768 2874 3
787 2835 833 2874 me
851 2823 912 2875 erat
930 2824 1062 2889 recepta:
1082 2819 1128 2874 Fr.
1142 2821 1195 2874 ino.
1210 2820 1235 2875 9.
1250 2835 1323 2876 corr.

149 2911 326 2972 maturabam,-
346 2906 390 2962 tr.
414 2912 721 2976 nequenumr'nascreru
738 2907 781 2963 62.
803 2907 1033 2964 utnosterdixil·
1053 2906 1096 2959 65.
1115 2911 1222 2964 idcireo
1235 2913 1324 2964 istaec

146 3010 192 3049 res
211 2996 288 3049 cordi
307 2999 350 3050 est
367 2994 411 3049 66.
438 2994 512 3050 Sane
539 3011 591 3065 ego
615 3011 631 3050 a
652 2994 759 3052 Metelli
779 3000 869 3051 llomu
886 3001 944 3052 tum
963 3011 1024 3064 rep.
1043 3012 1081 3051 m.
1103 2999 1220 3063 (Metelli
1236 3000 1324 3052 Roma

146 3081 307 3138 Hermanno
329 3087 442 3152 accepta
461 3084 605 3150 retertur.)
624 3083 666 3139 96.
687 3089 891 3153 campanianus.
912 3083 971 3138 116.
989 3083 1128 3154 Mycuaia.

200 3170 275 3226 lib.
291 3171 327 3226 ll.
347 3172 380 3228 tr.
395 3170 421 3227 3,
441 3178 587 3242 producto
600 3187 672 3229 corr.
686 3179 880 3241 mouuctoqae.
900 3171 935 3227 V.
951 3171 993 3224 19.
1012 3188 1098 3242 pecus
1111 3175 1212 3228 simum
1225 3175 1323 3230 rostri·

147 3276 201 3332 333
220 3262 387 3332 repandum.
409 3260 457 3313 Vl.
475 3259 500 3315 5.
519 3264 699 3330 Θαυμαστώς
717 3262 789 3329 (sive
801 3261 983 3331 θαυμασίως)
995 3262 1084 3330 inquit
1096 3259 1184 3315 balba
1197 3277 1324 3317 sororem

145 3347 295 3405 Lanificam
315 3350 368 3405 dici
385 3351 487 3405 siccam
506 3353 591 3418 atque
610 3363 635 3403 a.
651 3366 678 3403 u.
693 3365 719 3404 a.
738 3348 789 3403 Vl.
810 3348 851 3404 15.
869 3349 1023 3403 cinerarius
1043 3354 1158 3404 clamat.
1177 3346 1214 3402 X.
1231 3348 1253 3402 l.
1274 3354 1322 3404 bo-

146 3455 245 3492 norum
272 3442 316 3491 est
341 3438 473 3493 iudicium
501 3445 589 3507 procu
611 3441 651 3492 sic
673 3465 700 3478 ··
727 3455 865 3507 ropemus.
893 3435 930 3491 X.
950 3434 976 3491 3.
999 3433 1092 3490 Crassi
1119 3439 1238 3491 Parraeti
1262 3437 1322 3492 sive

147 3528 271 3581 Patoeca'.
284 3524 341 3578 filio
355 3526 428 3580 enim
448 3525 525 3582 Lucii
539 3523 637 3581 Cottae
656 3540 811 3590 cognomen
831 3529 950 3580 Crassus
969 3527 1120 3580 Panaetius
1137 3528 1208 3579 erat.
1229 3523 1321 3579 xit.
1360 3571 1366 3582 .

146 3631 238 3666 vanum.
262 3613 426 3667 meretrices
445 3617 518 3669 enim
537 3613 736 3681 intelligendae
755 3617 829 3669 suut.
864 3611 928 3667 XV.
947 3611 974 3668 4.
994 3615 1208 3666 rannciscebatur
1224 3612 1323 3672 tebriu.

145 3699 211 3756 XX.
233 3699 386 3756 'lortellius
405 3717 428 3756 s.
449 3717 476 3757 v.
495 3709 631 3759 elaeluenu:
656 3699 690 3756 Ut
707 3700 830 3756 Lucilius
854 3701 902 3756 lib.
923 3699 989 3754 XX.
1008 3715 1025 3754 a
1043 3697 1192 3754 Parthenio
1214 3700 1321 3756 induci-

146 3795 208 3858 tur,
236 3789 284 3858 qni
312 3788 395 3844 dicit:
430 3792 579 3845 Olrluenom
608 3795 725 3856 desurper
750 3793 876 3844 indutum
901 3791 1036 3855 foedauit.
1064 3788 1140 3857 quud
1171 3802 1223 3858 pro
1249 3803 1321 3846 nuru

145 3879 301 3947 tragmcnto
326 3875 496 3932 babendum.
532 3877 638 3932 XXVl.
664 3875 707 3931 73.
735 3877 841 3931 doctior
867 3891 950 3947 quam
976 3875 1084 3943 ceteri,
1103 3893 1173 3943 quus
1196 3879 1320 3944 omittas,

145 3973 233 4020 mutes
254 3968 347 4032 aliquo
367 3971 464 4036 curtus
482 3970 571 4020 tectas
589 3970 713 4021 dicitius.
743 3963 850 4019 XXVI.
866 3962 906 4019 14.
925 3967 1109 4032 populatoribus
1125 3964 1319 4034 scriptoribus.

146 4051 267 4107 XXVll.
294 4049 338 4107 64.
365 4057 518 4108 certissime
547 4054 582 4106 36
605 4070 652 4129 me
675 4071 689 4108 r
736 4033 872 4107 XXVII(
892 4053 917 4106 7.
945 4050 1100 4106 socratium
1125 4056 1317 4120 aeromantiam.

146 4140 280 4196 xxvlrl.
301 4138 343 4194 64.
364 4139 446 4195 tantis
467 4144 599 4206 coemptis
619 4148 728 4197 mentes
746 4141 781 4195 36
801 4141 895 4195 sidera
914 4141 1020 4196 tollent.

215 4229 237 4280 l.
249 4229 293 4286 29.
312 4227 425 4283 Verba:
446 4231 566 4282 Ocuras
584 4231 733 4284 icaunam!
752 4235 910 4298 optentum
928 4232 959 4281 in.
972 4232 1053 4282 rebus
1070 4231 1152 4281 inane
1170 4232 1228 4280 cett
1245 4241 1318 4296 quae

147 4333 182 4372 ex
213 4316 316 4372 Lucilio
345 4315 474 4372 hausisse
504 4313 618 4370 l‘ersius
652 4322 776 4386 putatur,
814 4333 848 4372 ex
881 4316 1006 4372 oratione
1036 4314 1110 4370 lovis
1137 4318 1228 4370 sumta
1257 4328 1319 4370 essa
