<?xml version="1.0" encoding="UTF-8"?>
<!DOCTYPE html PUBLIC "-//W3C//DTD XHTML 1.0 Transitional//EN"
    "http://www.w3.org/TR/xhtml1/DTD/xhtml1-transitional.dtd">
<html xmlns="http://www.w3.org/1999/xhtml" xml:lang="en" lang="en">
 <head>
  <title>
</title>
<meta http-equiv="Content-Type" content="text/html;charset=utf-8" />
  <meta name='ocr-system' content='tesseract 3.04.00' />
  <meta name='ocr-capabilities' content='ocr_page ocr_carea ocr_par ocr_line ocrx_word'/>
</head>
<body>
  <div class='ocr_page' id='page_1' title='image "./cluciliisaturar00lucigoog_0257.png"; bbox 0 0 3274 5134; ppageno 0'>
   <div class='ocr_carea' id='block_1_1' title="bbox 279 405 1089 474">
    <p class='ocr_par' dir='ltr' id='par_1_1' title="bbox 279 405 1089 474">
     <span class='ocr_line' id='line_1_1' title="bbox 279 405 1089 474; baseline -0.005 -6"><span class='ocrx_word' id='word_1_1' title='bbox 279 413 313 468; x_wconf 68' lang='grc'><strong>82</strong></span> <span class='ocrx_word' id='word_1_2' title='bbox 667 407 699 466; x_wconf 84' lang='lat' dir='ltr'><strong>C.</strong></span> <span class='ocrx_word' id='word_1_3' title='bbox 720 405 858 466; x_wconf 81' lang='lat' dir='ltr'>LUCILII</span> <span class='ocrx_word' id='word_1_4' title='bbox 882 405 1089 474; x_wconf 78' lang='lat' dir='ltr'><strong>bulloulau</strong></span> 
     </span>
    </p>
   </div>
   <div class='ocr_carea' id='block_1_2' title="bbox 281 552 1475 1324">
    <p class='ocr_par' dir='ltr' id='par_1_2' title="bbox 299 552 1236 635">
     <span class='ocr_line' id='line_1_2' title="bbox 299 552 1236 635; baseline -0.002 -18"><span class='ocrx_word' id='word_1_5' title='bbox 299 559 329 619; x_wconf 85' lang='grc'><strong>9.</strong></span> <span class='ocrx_word' id='word_1_6' title='bbox 354 557 432 619; x_wconf 86' lang='lat' dir='ltr'><strong>Nam</strong></span> <span class='ocrx_word' id='word_1_7' title='bbox 454 555 481 618; x_wconf 92' lang='lat' dir='ltr'><strong>si</strong></span> <span class='ocrx_word' id='word_1_8' title='bbox 505 559 538 616; x_wconf 90' lang='lat' dir='ltr'><strong>lu</strong></span> <span class='ocrx_word' id='word_1_9' title='bbox 559 555 674 616; x_wconf 84' lang='lat' dir='ltr'><strong>fluctus</strong></span> <span class='ocrx_word' id='word_1_10' title='bbox 693 553 863 634; x_wconf 81' lang='lat' dir='ltr'><strong>undasque</strong></span> <span class='ocrx_word' id='word_1_11' title='bbox 886 571 903 614; x_wconf 85' lang='lat' dir='ltr'><strong>a</strong></span> <span class='ocrx_word' id='word_1_12' title='bbox 925 554 1049 635; x_wconf 80' lang='lat' dir='ltr'><strong>gurgite</strong></span> <span class='ocrx_word' id='word_1_13' title='bbox 1069 553 1155 616; x_wconf 85' lang='lat' dir='ltr'><strong>salso</strong></span> <span class='ocrx_word' id='word_1_14' title='bbox 1233 552 1236 558; x_wconf 78' lang='grc'>’</span> 
     </span>
    </p>

    <p class='ocr_par' dir='ltr' id='par_1_3' title="bbox 355 666 1191 750">
     <span class='ocr_line' id='line_1_3' title="bbox 355 666 1191 750; baseline -0.002 -18"><span class='ocrx_word' id='word_1_15' title='bbox 355 670 484 732; x_wconf 86' lang='lat' dir='ltr'>Tollere</span> <span class='ocrx_word' id='word_1_16' title='bbox 506 669 668 742; x_wconf 87' lang='lat' dir='ltr'><strong>decreris;</strong></span> <span class='ocrx_word' id='word_1_17' title='bbox 690 672 818 730; x_wconf 83' lang='lat' dir='ltr'><strong>rantum</strong></span> <span class='ocrx_word' id='word_1_18' title='bbox 844 668 931 750; x_wconf 89' lang='lat' dir='ltr'><strong>prius</strong></span> <span class='ocrx_word' id='word_1_19' title='bbox 956 666 1137 730; x_wconf 83' lang='lat' dir='ltr'><strong>Emathium</strong></span> <span class='ocrx_word' id='word_1_20' title='bbox 1157 673 1191 730; x_wconf 92' lang='lat' dir='ltr'><strong>tu</strong></span> 
     </span>
    </p>

    <p class='ocr_par' dir='ltr' id='par_1_4' title="bbox 281 778 1475 972">
     <span class='ocr_line' id='line_1_4' title="bbox 356 778 1475 864; baseline -0.003 -18"><span class='ocrx_word' id='word_1_21' title='bbox 356 785 507 858; x_wconf 86' lang='lat' dir='ltr'><strong>Ventum,</strong></span> <span class='ocrx_word' id='word_1_22' title='bbox 533 783 682 862; x_wconf 89' lang='lat' dir='ltr'><strong>iuquam,</strong></span> <span class='ocrx_word' id='word_1_23' title='bbox 706 782 885 852; x_wconf 76' lang='lat' dir='ltr'><strong>lonasto.</strong></span> <span class='ocrx_word' id='word_1_24' title='bbox 904 801 936 863; x_wconf 92' lang='lat' dir='ltr'><strong>q.</strong></span> <span class='ocrx_word' id='word_1_25' title='bbox 951 782 972 842; x_wconf 90' lang='lat' dir='ltr'><strong>i.</strong></span> <span class='ocrx_word' id='word_1_26' title='bbox 988 781 1010 844; x_wconf 91' lang='lat' dir='ltr'><strong>I.</strong></span> <span class='ocrx_word' id='word_1_27' title='bbox 1035 778 1096 862; x_wconf 87' lang='lat' dir='ltr'><strong>(cui</strong></span> <span class='ocrx_word' id='word_1_28' title='bbox 1111 781 1258 864; x_wconf 86' lang='lat' dir='ltr'><strong>quolibet</strong></span> <span class='ocrx_word' id='word_1_29' title='bbox 1276 782 1322 844; x_wconf 81' lang='lat' dir='ltr'><strong>ire</strong></span> <span class='ocrx_word' id='word_1_30' title='bbox 1342 782 1475 862; x_wconf 76' lang='lat' dir='ltr'><strong>licebit.)</strong></span> 
     </span>
     <span class='ocr_line' id='line_1_5' title="bbox 281 897 1228 972; baseline -0.003 -11"><span class='ocrx_word' id='word_1_31' title='bbox 281 901 328 961; x_wconf 86' lang='lat'><strong>10.</strong></span> <span class='ocrx_word' id='word_1_32' title='bbox 353 901 557 962; x_wconf 80' lang='lat' dir='ltr'><strong>Armamcula</strong></span> <span class='ocrx_word' id='word_1_33' title='bbox 577 904 703 972; x_wconf 86' lang='lat' dir='ltr'><strong>tamen,</strong></span> <span class='ocrx_word' id='word_1_34' title='bbox 729 898 866 972; x_wconf 86' lang='lat' dir='ltr'><strong>malum,</strong></span> <span class='ocrx_word' id='word_1_35' title='bbox 892 898 964 962; x_wconf 83' lang='lat' dir='ltr'><strong>vela</strong></span> <span class='ocrx_word' id='word_1_36' title='bbox 985 897 1093 962; x_wconf 84' lang='lat' dir='ltr'><strong>omnia</strong></span> <span class='ocrx_word' id='word_1_37' title='bbox 1116 915 1228 971; x_wconf 81' lang='lat' dir='ltr'><strong>acrvo;</strong></span> 
     </span>
    </p>

    <p class='ocr_par' dir='ltr' id='par_1_5' title="bbox 281 1011 1339 1210">
     <span class='ocr_line' id='line_1_6' title="bbox 357 1011 1339 1094; baseline -0.003 -19"><span class='ocrx_word' id='word_1_38' title='bbox 357 1015 453 1076; x_wconf 85' lang='lat' dir='ltr'><strong>Fqus</strong></span> <span class='ocrx_word' id='word_1_39' title='bbox 476 1013 560 1076; x_wconf 87' lang='lat' dir='ltr'><strong>cuim</strong></span> <span class='ocrx_word' id='word_1_40' title='bbox 581 1011 739 1094; x_wconf 79' lang='lat' dir='ltr'><strong>praecisu&#39;</strong></span> <span class='ocrx_word' id='word_1_41' title='bbox 761 1011 843 1086; x_wconf 88' lang='lat' dir='ltr'><strong>cito,</strong></span> <span class='ocrx_word' id='word_1_42' title='bbox 870 1017 966 1094; x_wconf 85' lang='lat' dir='ltr'><strong>atquo</strong></span> <span class='ocrx_word' id='word_1_43' title='bbox 990 1013 1130 1094; x_wconf 87' lang='lat' dir='ltr'><strong>anquina</strong></span> <span class='ocrx_word' id='word_1_44' title='bbox 1152 1013 1258 1076; x_wconf 85' lang='lat' dir='ltr'><strong>soluta</strong></span> <span class='ocrx_word' id='word_1_45' title='bbox 1280 1018 1339 1076; x_wconf 83' lang='lat' dir='ltr'><strong>cat.</strong></span> 
     </span>
     <span class='ocr_line' id='line_1_7' title="bbox 281 1126 1222 1210; baseline 0 -20"><span class='ocrx_word' id='word_1_46' title='bbox 281 1132 328 1192; x_wconf 83' lang='lat'><strong>11.</strong></span> <span class='ocrx_word' id='word_1_47' title='bbox 357 1129 450 1192; x_wconf 88' lang='lat' dir='ltr'><strong>Hunc</strong></span> <span class='ocrx_word' id='word_1_48' title='bbox 471 1128 669 1210; x_wconf 87' lang='lat' dir='ltr'><strong>catapiraten</strong></span> <span class='ocrx_word' id='word_1_49' title='bbox 692 1146 773 1208; x_wconf 88' lang='lat' dir='ltr'><strong>puer</strong></span> <span class='ocrx_word' id='word_1_50' title='bbox 793 1126 909 1190; x_wconf 85' lang='lat' dir='ltr'><strong>eodem</strong></span> <span class='ocrx_word' id='word_1_51' title='bbox 931 1126 1054 1188; x_wconf 80' lang='lat' dir='ltr'><strong>deferat</strong></span> <span class='ocrx_word' id='word_1_52' title='bbox 1074 1133 1222 1200; x_wconf 83' lang='lat' dir='ltr'><strong>unctum,</strong></span> 
     </span>
    </p>

    <p class='ocr_par' dir='ltr' id='par_1_6' title="bbox 354 1241 1136 1324">
     <span class='ocr_line' id='line_1_8' title="bbox 354 1241 1136 1324; baseline -0.005 -18"><span class='ocrx_word' id='word_1_53' title='bbox 354 1244 479 1306; x_wconf 84' lang='lat' dir='ltr'><strong>Plumbi</strong></span> <span class='ocrx_word' id='word_1_54' title='bbox 503 1241 681 1324; x_wconf 86' lang='lat' dir='ltr'><strong>pauxillum</strong></span> <span class='ocrx_word' id='word_1_55' title='bbox 702 1241 800 1304; x_wconf 86' lang='lat' dir='ltr'><strong>rodus</strong></span> <span class='ocrx_word' id='word_1_56' title='bbox 822 1241 944 1324; x_wconf 84' lang='lat' dir='ltr'><strong>linique</strong></span> <span class='ocrx_word' id='word_1_57' title='bbox 966 1247 1136 1304; x_wconf 82' lang='lat' dir='ltr'><strong>mataxam.</strong></span> 
     </span>
    </p>
   </div>
   <div class='ocr_carea' id='block_1_3' title="bbox 274 1513 1477 4407">
    <p class='ocr_par' dir='ltr' id='par_1_7' title="bbox 279 1513 1477 2462">
     <span class='ocr_line' id='line_1_9' title="bbox 315 1513 1475 1578; baseline -0.002 -14"><span class='ocrx_word' id='word_1_58' title='bbox 315 1516 341 1566; x_wconf 85' lang='lat'><strong>9.</strong></span> <span class='ocrx_word' id='word_1_59' title='bbox 360 1515 482 1563; x_wconf 85' lang='lat' dir='ltr'><strong>llufluian.</strong></span> <span class='ocrx_word' id='word_1_60' title='bbox 507 1514 538 1562; x_wconf 86' lang='lat' dir='ltr'><strong>de</strong></span> <span class='ocrx_word' id='word_1_61' title='bbox 561 1515 643 1574; x_wconf 74' lang='lat' dir='ltr'><strong>aigin.</strong></span> <span class='ocrx_word' id='word_1_62' title='bbox 668 1514 811 1564; x_wconf 82' lang='lat' dir='ltr'><strong>sententiar.</strong></span> <span class='ocrx_word' id='word_1_63' title='bbox 836 1514 861 1562; x_wconf 83' lang='lat' dir='ltr'><strong>et</strong></span> <span class='ocrx_word' id='word_1_64' title='bbox 893 1515 976 1575; x_wconf 73' lang='lat' dir='ltr'><strong>gitur:</strong></span> <span class='ocrx_word' id='word_1_65' title='bbox 995 1517 1071 1576; x_wconf 65' lang='lat' dir='ltr'><strong>Ataia</strong></span> <span class='ocrx_word' id='word_1_66' title='bbox 1088 1515 1199 1575; x_wconf 77' lang='lat' dir='ltr'><em>anquina</em></span> <span class='ocrx_word' id='word_1_67' title='bbox 1217 1514 1279 1578; x_wconf 75' lang='lat' dir='ltr'><strong>rapti</strong></span> <span class='ocrx_word' id='word_1_68' title='bbox 1296 1513 1405 1563; x_wconf 83' lang='lat' dir='ltr'><strong>atabiiom</strong></span> <span class='ocrx_word' id='word_1_69' title='bbox 1423 1514 1475 1576; x_wconf 73' lang='lat' dir='ltr'><strong>[or-</strong></span> 
     </span>
     <span class='ocr_line' id='line_1_10' title="bbox 280 1599 1476 1664; baseline -0.003 -11"><span class='ocrx_word' id='word_1_70' title='bbox 280 1604 372 1655; x_wconf 79' lang='lat' dir='ltr'><strong>Flocrrt.</strong></span> <span class='ocrx_word' id='word_1_71' title='bbox 389 1603 431 1654; x_wconf 92' lang='lat' dir='ltr'><strong>lib.</strong></span> <span class='ocrx_word' id='word_1_72' title='bbox 450 1616 474 1664; x_wconf 87' lang='lat' dir='ltr'><strong>p.</strong></span> <span class='ocrx_word' id='word_1_73' title='bbox 488 1602 531 1650; x_wconf 73' lang='lat' dir='ltr'><strong>ab.</strong></span> <span class='ocrx_word' id='word_1_74' title='bbox 554 1601 598 1651; x_wconf 81' lang='lat' dir='ltr'><strong>Ed.</strong></span> <span class='ocrx_word' id='word_1_75' title='bbox 618 1603 751 1662; x_wconf 80' lang='lat' dir='ltr'><strong>caperonu.</strong></span> <span class='ocrx_word' id='word_1_76' title='bbox 770 1602 803 1650; x_wconf 92' lang='lat' dir='ltr'><strong>ibi</strong></span> <span class='ocrx_word' id='word_1_77' title='bbox 820 1603 860 1650; x_wconf 95' lang='lat' dir='ltr'><strong>lo·</strong></span> <span class='ocrx_word' id='word_1_78' title='bbox 894 1603 987 1651; x_wconf 78' lang='lat' dir='ltr'><strong>lissima</strong></span> <span class='ocrx_word' id='word_1_79' title='bbox 1013 1599 1120 1651; x_wconf 85' lang='lat' dir='ltr'><strong>carium.</strong></span> <span class='ocrx_word' id='word_1_80' title='bbox 1154 1604 1196 1651; x_wconf 94' lang='lat' dir='ltr'><strong>ubi</strong></span> <span class='ocrx_word' id='word_1_81' title='bbox 1223 1603 1329 1652; x_wconf 85' lang='lat' dir='ltr'><strong>metrum</strong></span> <span class='ocrx_word' id='word_1_82' title='bbox 1358 1615 1476 1660; x_wconf 60' lang='lat' dir='ltr'><strong>ancoram</strong></span> 
     </span>
     <span class='ocr_line' id='line_1_11' title="bbox 280 1689 1476 1754; baseline -0.002 -13"><span class='ocrx_word' id='word_1_83' title='bbox 280 1706 323 1744; x_wconf 84' lang='lat' dir='ltr'><strong>cus</strong></span> <span class='ocrx_word' id='word_1_84' title='bbox 339 1692 443 1754; x_wconf 88' lang='lat' dir='ltr'><strong>scriptus</strong></span> <span class='ocrx_word' id='word_1_85' title='bbox 460 1703 491 1738; x_wconf 78' lang='lat' dir='ltr'><strong>ex</strong></span> <span class='ocrx_word' id='word_1_86' title='bbox 512 1690 624 1740; x_wconf 80' lang='lat' dir='ltr'><strong>Lucretio</strong></span> <span class='ocrx_word' id='word_1_87' title='bbox 647 1689 776 1752; x_wconf 85' lang='lat' dir='ltr'><strong>laudatur,</strong></span> <span class='ocrx_word' id='word_1_88' title='bbox 796 1689 862 1752; x_wconf 88' lang='lat' dir='ltr'><strong>apud</strong></span> <span class='ocrx_word' id='word_1_89' title='bbox 894 1691 1000 1754; x_wconf 79' lang='lat' dir='ltr'><strong>respuit3</strong></span> <span class='ocrx_word' id='word_1_90' title='bbox 1013 1691 1038 1740; x_wconf 89' lang='lat' dir='ltr'><strong>et</strong></span> <span class='ocrx_word' id='word_1_91' title='bbox 1049 1690 1167 1752; x_wconf 88' lang='lat' dir='ltr'><strong>imprimis</strong></span> <span class='ocrx_word' id='word_1_92' title='bbox 1176 1705 1208 1740; x_wconf 85' lang='lat' dir='ltr'><strong>ax</strong></span> <span class='ocrx_word' id='word_1_93' title='bbox 1217 1692 1293 1754; x_wconf 83' lang='lat' dir='ltr'><strong>ipatus</strong></span> <span class='ocrx_word' id='word_1_94' title='bbox 1303 1691 1391 1740; x_wconf 85' lang='lat' dir='ltr'><strong>isidori</strong></span> <span class='ocrx_word' id='word_1_95' title='bbox 1407 1692 1476 1742; x_wconf 75' lang='lat' dir='ltr'><strong>toali-</strong></span> 
     </span>
     <span class='ocr_line' id='line_1_12' title="bbox 279 1777 1476 1844; baseline -0.003 -14"><span class='ocrx_word' id='word_1_96' title='bbox 279 1795 352 1844; x_wconf 84' lang='lat' dir='ltr'><strong>quem</strong></span> <span class='ocrx_word' id='word_1_97' title='bbox 369 1793 419 1830; x_wconf 89' lang='lat' dir='ltr'><strong>nou</strong></span> <span class='ocrx_word' id='word_1_98' title='bbox 436 1777 567 1831; x_wconf 76' lang='lat' dir='ltr'><strong>iuvenitur.</strong></span> <span class='ocrx_word' id='word_1_99' title='bbox 595 1781 645 1827; x_wconf 91' lang='lat' dir='ltr'><strong>lam</strong></span> <span class='ocrx_word' id='word_1_100' title='bbox 669 1791 724 1826; x_wconf 88' lang='lat' dir='ltr'><strong>cum</strong></span> <span class='ocrx_word' id='word_1_101' title='bbox 746 1779 771 1826; x_wconf 90' lang='lat' dir='ltr'><strong>in</strong></span> <span class='ocrx_word' id='word_1_102' title='bbox 794 1779 860 1828; x_wconf 83' lang='lat' dir='ltr'><strong>Edit.</strong></span> <span class='ocrx_word' id='word_1_103' title='bbox 894 1779 990 1841; x_wconf 87' lang='lat' dir='ltr'><strong>monio,</strong></span> <span class='ocrx_word' id='word_1_104' title='bbox 1010 1777 1052 1840; x_wconf 86' lang='lat' dir='ltr'><strong>qui</strong></span> <span class='ocrx_word' id='word_1_105' title='bbox 1070 1779 1197 1840; x_wconf 69' lang='lat' dir='ltr'><strong>anguiuam</strong></span> <span class='ocrx_word' id='word_1_106' title='bbox 1215 1779 1313 1828; x_wconf 79' lang='lat' dir='ltr'><strong>funibus</strong></span> <span class='ocrx_word' id='word_1_107' title='bbox 1329 1779 1476 1830; x_wconf 77' lang='lat' dir='ltr'><strong>adnumera-</strong></span> 
     </span>
     <span class='ocr_line' id='line_1_13' title="bbox 279 1866 1476 1930; baseline -0.003 -11"><span class='ocrx_word' id='word_1_108' title='bbox 279 1870 352 1920; x_wconf 73' lang='lat' dir='ltr'><strong>Frob.</strong></span> <span class='ocrx_word' id='word_1_109' title='bbox 378 1881 423 1930; x_wconf 90' lang='lat' dir='ltr'><strong>pro</strong></span> <span class='ocrx_word' id='word_1_110' title='bbox 447 1866 570 1916; x_wconf 68' lang='lat' dir='ltr'><strong>iunctior</strong></span> <span class='ocrx_word' id='word_1_111' title='bbox 587 1867 702 1927; x_wconf 84' lang='lat' dir='ltr'><strong>scriptum</strong></span> <span class='ocrx_word' id='word_1_112' title='bbox 726 1867 758 1916; x_wconf 88' lang='lat' dir='ltr'><strong>sit</strong></span> <span class='ocrx_word' id='word_1_113' title='bbox 775 1867 862 1916; x_wconf 74' lang='lat' dir='ltr'><strong>Limina</strong></span> <span class='ocrx_word' id='word_1_114' title='bbox 895 1867 937 1916; x_wconf 87' lang='lat' dir='ltr'><strong>vii.</strong></span> <span class='ocrx_word' id='word_1_115' title='bbox 961 1867 1008 1916; x_wconf 86' lang='lat' dir='ltr'><strong>ulai</strong></span> <span class='ocrx_word' id='word_1_116' title='bbox 1029 1867 1093 1916; x_wconf 83' lang='lat' dir='ltr'><strong>torto</strong></span> <span class='ocrx_word' id='word_1_117' title='bbox 1113 1867 1167 1930; x_wconf 87' lang='lat' dir='ltr'><strong>quia</strong></span> <span class='ocrx_word' id='word_1_118' title='bbox 1191 1869 1244 1930; x_wconf 86' lang='lat' dir='ltr'><strong>eat,</strong></span> <span class='ocrx_word' id='word_1_119' title='bbox 1272 1869 1315 1930; x_wconf 85' lang='lat' dir='ltr'><strong>qui</strong></span> <span class='ocrx_word' id='word_1_120' title='bbox 1338 1868 1476 1918; x_wconf 80' lang='lat' dir='ltr'><strong>Wcicbario</strong></span> 
     </span>
     <span class='ocr_line' id='line_1_14' title="bbox 279 1954 1476 2025; baseline -0.002 -19"><span class='ocrx_word' id='word_1_121' title='bbox 279 1957 344 2006; x_wconf 82' lang='lat' dir='ltr'><strong>recte</strong></span> <span class='ocrx_word' id='word_1_122' title='bbox 356 1957 412 2006; x_wconf 87' lang='lat' dir='ltr'><strong>binc</strong></span> <span class='ocrx_word' id='word_1_123' title='bbox 428 1958 494 2004; x_wconf 82' lang='lat' dir='ltr'><strong>Dura</strong></span> <span class='ocrx_word' id='word_1_124' title='bbox 509 1955 632 2016; x_wconf 66' lang='lat' dir='ltr'><strong>collegisse</strong></span> <span class='ocrx_word' id='word_1_125' title='bbox 644 1955 758 2018; x_wconf 81' lang='lat' dir='ltr'><strong>videbu,</strong></span> <span class='ocrx_word' id='word_1_126' title='bbox 778 1957 862 2008; x_wconf 87' lang='lat' dir='ltr'><strong>Lucilii</strong></span> <span class='ocrx_word' id='word_1_127' title='bbox 893 1954 1066 2025; x_wconf 81' lang='lat' dir='ltr'><strong>adstipulatus,</strong></span> <span class='ocrx_word' id='word_1_128' title='bbox 1085 1955 1218 2004; x_wconf 77' lang='lat' dir='ltr'><strong><em>anchoram</em></strong></span> <span class='ocrx_word' id='word_1_129' title='bbox 1236 1957 1383 2009; x_wconf 86' lang='lat' dir='ltr'><strong>admodum</strong></span> <span class='ocrx_word' id='word_1_130' title='bbox 1399 1959 1476 2006; x_wconf 82' lang='lat' dir='ltr'><strong>Grae-</strong></span> 
     </span>
     <span class='ocr_line' id='line_1_15' title="bbox 280 2043 1477 2107; baseline -0.001 -12"><span class='ocrx_word' id='word_1_131' title='bbox 280 2058 365 2095; x_wconf 82' lang='lat' dir='ltr'><strong>vcrsus</strong></span> <span class='ocrx_word' id='word_1_132' title='bbox 389 2044 493 2092; x_wconf 84' lang='lat' dir='ltr'><strong>laudari.</strong></span> <span class='ocrx_word' id='word_1_133' title='bbox 519 2043 602 2103; x_wconf 78' lang='lat' dir='ltr'><strong>tlnaoa</strong></span> <span class='ocrx_word' id='word_1_134' title='bbox 626 2046 743 2105; x_wconf 84' lang='lat' dir='ltr'><strong>caperon.</strong></span> <span class='ocrx_word' id='word_1_135' title='bbox 774 2044 862 2104; x_wconf 69' lang='lat' dir='ltr'><strong>ilarius</strong></span> <span class='ocrx_word' id='word_1_136' title='bbox 892 2055 976 2094; x_wconf 88' lang='lat' dir='ltr'><strong>corum</strong></span> <span class='ocrx_word' id='word_1_137' title='bbox 1020 2044 1125 2092; x_wconf 87' lang='lat' dir='ltr'><strong>mediam</strong></span> <span class='ocrx_word' id='word_1_138' title='bbox 1173 2047 1290 2107; x_wconf 77' lang='lat' dir='ltr'>syllabam</span> <span class='ocrx_word' id='word_1_139' title='bbox 1331 2045 1477 2107; x_wconf 84' lang='lat' dir='ltr'><strong>productam</strong></span> 
     </span>
     <span class='ocr_line' id='line_1_16' title="bbox 279 2131 1475 2196; baseline -0.003 -12"><span class='ocrx_word' id='word_1_140' title='bbox 279 2137 354 2184; x_wconf 78' lang='lat' dir='ltr'><strong>Dura.</strong></span> <span class='ocrx_word' id='word_1_141' title='bbox 384 2135 470 2182; x_wconf 86' lang='lat' dir='ltr'><strong>llaam.</strong></span> <span class='ocrx_word' id='word_1_142' title='bbox 489 2134 564 2194; x_wconf 85' lang='lat' dir='ltr'><strong>cap.;</strong></span> <span class='ocrx_word' id='word_1_143' title='bbox 589 2132 615 2181; x_wconf 89' lang='lat' dir='ltr'><strong>iu</strong></span> <span class='ocrx_word' id='word_1_144' title='bbox 640 2133 688 2180; x_wconf 83' lang='lat' dir='ltr'><strong>line</strong></span> <span class='ocrx_word' id='word_1_145' title='bbox 709 2145 793 2185; x_wconf 81' lang='lat' dir='ltr'><strong>versns</strong></span> <span class='ocrx_word' id='word_1_146' title='bbox 818 2147 858 2195; x_wconf 85' lang='lat' dir='ltr'><strong>ap.</strong></span> <span class='ocrx_word' id='word_1_147' title='bbox 892 2131 981 2180; x_wconf 85' lang='lat' dir='ltr'><strong>babere</strong></span> <span class='ocrx_word' id='word_1_148' title='bbox 1016 2133 1109 2182; x_wconf 87' lang='lat' dir='ltr'><strong>statuit.</strong></span> <span class='ocrx_word' id='word_1_149' title='bbox 1159 2134 1248 2195; x_wconf 84' lang='lat' dir='ltr'><strong>quodsi</strong></span> <span class='ocrx_word' id='word_1_150' title='bbox 1281 2134 1355 2196; x_wconf 71' lang='lat' dir='ltr'><strong>igitur</strong></span> <span class='ocrx_word' id='word_1_151' title='bbox 1393 2134 1475 2196; x_wconf 82' lang='lat' dir='ltr'><strong>expli-</strong></span> 
     </span>
     <span class='ocr_line' id='line_1_17' title="bbox 280 2219 1476 2286; baseline -0.003 -12"><span class='ocrx_word' id='word_1_152' title='bbox 280 2223 396 2286; x_wconf 56' lang='lat' dir='ltr'><strong>capno.</strong></span> <span class='ocrx_word' id='word_1_153' title='bbox 411 2222 525 2283; x_wconf 76' lang='lat' dir='ltr'><strong>aplius.</strong></span> <span class='ocrx_word' id='word_1_154' title='bbox 545 2224 564 2271; x_wconf 84' lang='lat' dir='ltr'><strong>t.</strong></span> <span class='ocrx_word' id='word_1_155' title='bbox 577 2235 599 2270; x_wconf 88' lang='lat' dir='ltr'><strong>c.</strong></span> <span class='ocrx_word' id='word_1_156' title='bbox 613 2236 635 2284; x_wconf 76' lang='lat' dir='ltr'><strong>a.</strong></span> <span class='ocrx_word' id='word_1_157' title='bbox 647 2222 665 2269; x_wconf 87' lang='lat' dir='ltr'><strong>i.</strong></span> <span class='ocrx_word' id='word_1_158' title='bbox 680 2221 696 2270; x_wconf 90' lang='lat' dir='ltr'><strong>l.</strong></span> <span class='ocrx_word' id='word_1_159' title='bbox 715 2221 795 2283; x_wconf 87' lang='lat' dir='ltr'><strong>uude,</strong></span> <span class='ocrx_word' id='word_1_160' title='bbox 815 2223 859 2272; x_wconf 88' lang='lat' dir='ltr'><strong>lit·</strong></span> <span class='ocrx_word' id='word_1_161' title='bbox 892 2220 955 2268; x_wconf 85' lang='lat' dir='ltr'><strong>calio</strong></span> <span class='ocrx_word' id='word_1_162' title='bbox 979 2219 1050 2270; x_wconf 84' lang='lat' dir='ltr'><strong>Nonii</strong></span> <span class='ocrx_word' id='word_1_163' title='bbox 1075 2220 1169 2282; x_wconf 68' lang='lat' dir='ltr'><strong>intem</strong></span> <span class='ocrx_word' id='word_1_164' title='bbox 1194 2223 1290 2272; x_wconf 79' lang='lat' dir='ltr'><strong>serrata</strong></span> <span class='ocrx_word' id='word_1_165' title='bbox 1315 2222 1367 2284; x_wconf 86' lang='lat' dir='ltr'><strong>cst,</strong></span> <span class='ocrx_word' id='word_1_166' title='bbox 1396 2231 1476 2284; x_wconf 78' lang='lat' dir='ltr'><strong>noque</strong></span> 
     </span>
     <span class='ocr_line' id='line_1_18' title="bbox 280 2307 1475 2373; baseline 0 -13"><span class='ocrx_word' id='word_1_167' title='bbox 280 2311 469 2372; x_wconf 79' lang='lat' dir='ltr'><strong>taratomissa,</strong></span> <span class='ocrx_word' id='word_1_168' title='bbox 490 2309 630 2360; x_wconf 75' lang='lat' dir='ltr'><strong>adversum</strong></span> <span class='ocrx_word' id='word_1_169' title='bbox 643 2307 860 2371; x_wconf 83' lang='lat' dir='ltr'><strong>expleudumbaec</strong></span> <span class='ocrx_word' id='word_1_170' title='bbox 891 2307 933 2356; x_wconf 88' lang='lat' dir='ltr'><strong>illa</strong></span> <span class='ocrx_word' id='word_1_171' title='bbox 956 2307 1122 2368; x_wconf 70' lang='lat' dir='ltr'><strong>gravissimum</strong></span> <span class='ocrx_word' id='word_1_172' title='bbox 1146 2321 1255 2360; x_wconf 85' lang='lat' dir='ltr'><strong>errorem</strong></span> <span class='ocrx_word' id='word_1_173' title='bbox 1280 2312 1402 2360; x_wconf 85' lang='lat' dir='ltr'><strong>comisiaae</strong></span> <span class='ocrx_word' id='word_1_174' title='bbox 1424 2323 1475 2373; x_wconf 88' lang='lat' dir='ltr'><strong>pu-</strong></span> 
     </span>
     <span class='ocr_line' id='line_1_19' title="bbox 279 2394 1475 2462; baseline 0.001 -13"><span class='ocrx_word' id='word_1_175' title='bbox 279 2401 354 2450; x_wconf 84' lang='lat' dir='ltr'><strong>rerba</strong></span> <span class='ocrx_word' id='word_1_176' title='bbox 366 2398 453 2460; x_wconf 82' lang='lat' dir='ltr'><strong>aliquis</strong></span> <span class='ocrx_word' id='word_1_177' title='bbox 464 2397 551 2458; x_wconf 69' lang='lat' dir='ltr'><strong>fingat:</strong></span> <span class='ocrx_word' id='word_1_178' title='bbox 566 2399 605 2446; x_wconf 84' lang='lat' dir='ltr'><strong>coi</strong></span> <span class='ocrx_word' id='word_1_179' title='bbox 616 2395 718 2459; x_wconf 76' lang='lat' dir='ltr'><strong>quolibet</strong></span> <span class='ocrx_word' id='word_1_180' title='bbox 729 2396 764 2443; x_wconf 81' lang='lat' dir='ltr'><strong>irc</strong></span> <span class='ocrx_word' id='word_1_181' title='bbox 776 2394 860 2450; x_wconf 82' lang='lat' dir='ltr'><strong>licebit.</strong></span> <span class='ocrx_word' id='word_1_182' title='bbox 893 2395 980 2443; x_wconf 87' lang='lat' dir='ltr'><strong>laudus</strong></span> <span class='ocrx_word' id='word_1_183' title='bbox 996 2395 1042 2456; x_wconf 85' lang='lat' dir='ltr'><strong>eat,</strong></span> <span class='ocrx_word' id='word_1_184' title='bbox 1055 2394 1165 2445; x_wconf 76' lang='lat' dir='ltr'><em>anchora</em></span> <span class='ocrx_word' id='word_1_185' title='bbox 1176 2398 1324 2457; x_wconf 86' lang='lat' dir='ltr'><strong>promendo</strong></span> <span class='ocrx_word' id='word_1_186' title='bbox 1339 2400 1475 2462; x_wconf 73' lang='lat' dir='ltr'><strong>scripturae</strong></span> 
     </span>
    </p>

    <p class='ocr_par' dir='ltr' id='par_1_8' title="bbox 274 2482 1477 4407">
     <span class='ocr_line' id='line_1_20' title="bbox 316 2482 1475 2547; baseline 0.002 -11"><span class='ocrx_word' id='word_1_187' title='bbox 316 2488 359 2537; x_wconf 85' lang='lat' dir='ltr'><strong>lo.</strong></span> <span class='ocrx_word' id='word_1_188' title='bbox 378 2489 440 2536; x_wconf 83' lang='lat' dir='ltr'><strong>Nou.</strong></span> <span class='ocrx_word' id='word_1_189' title='bbox 460 2499 486 2547; x_wconf 87' lang='lat' dir='ltr'><strong>p.</strong></span> <span class='ocrx_word' id='word_1_190' title='bbox 500 2487 561 2536; x_wconf 80' lang='lat'><strong>56⁷.</strong></span> <span class='ocrx_word' id='word_1_191' title='bbox 575 2498 598 2535; x_wconf 87' lang='lat' dir='ltr'><strong>a.</strong></span> <span class='ocrx_word' id='word_1_192' title='bbox 616 2485 661 2533; x_wconf 87' lang='lat' dir='ltr'><strong>cir.</strong></span> <span class='ocrx_word' id='word_1_193' title='bbox 674 2483 762 2533; x_wconf 78' lang='lat' dir='ltr'><strong>isidor.</strong></span> <span class='ocrx_word' id='word_1_194' title='bbox 777 2485 859 2545; x_wconf 66' lang='lat' dir='ltr'><strong>origg.</strong></span> <span class='ocrx_word' id='word_1_195' title='bbox 892 2482 1045 2545; x_wconf 81' lang='lat' dir='ltr'><strong>babendum,</strong></span> <span class='ocrx_word' id='word_1_196' title='bbox 1066 2483 1206 2544; x_wconf 85' lang='lat' dir='ltr'><strong>etulroque</strong></span> <span class='ocrx_word' id='word_1_197' title='bbox 1217 2485 1271 2532; x_wconf 85' lang='lat' dir='ltr'><strong>loco</strong></span> <span class='ocrx_word' id='word_1_198' title='bbox 1288 2487 1400 2546; x_wconf 75' lang='lat' dir='ltr'><strong>anquina</strong></span> <span class='ocrx_word' id='word_1_199' title='bbox 1417 2500 1475 2538; x_wconf 87' lang='lat' dir='ltr'><strong>cor-</strong></span> 
     </span>
     <span class='ocr_line' id='line_1_21' title="bbox 279 2570 1475 2634; baseline -0.003 -6"><span class='ocrx_word' id='word_1_200' title='bbox 279 2579 342 2628; x_wconf 80' lang='lat' dir='ltr'><strong>xur.</strong></span> <span class='ocrx_word' id='word_1_201' title='bbox 363 2576 388 2626; x_wconf 80' lang='lat' dir='ltr'><strong>b.</strong></span> <span class='ocrx_word' id='word_1_202' title='bbox 403 2577 428 2624; x_wconf 85' lang='lat'><strong>7.</strong></span> <span class='ocrx_word' id='word_1_203' title='bbox 443 2574 487 2626; x_wconf 84' lang='lat' dir='ltr'><strong>ad.</strong></span> <span class='ocrx_word' id='word_1_204' title='bbox 501 2574 572 2624; x_wconf 78' lang='lat' dir='ltr'><strong>lind.</strong></span> <span class='ocrx_word' id='word_1_205' title='bbox 591 2574 634 2624; x_wconf 91' lang='lat' dir='ltr'><strong>ubi</strong></span> <span class='ocrx_word' id='word_1_206' title='bbox 651 2574 710 2622; x_wconf 85' lang='lat' dir='ltr'><strong>baec</strong></span> <span class='ocrx_word' id='word_1_207' title='bbox 727 2573 858 2634; x_wconf 68' lang='lat' dir='ltr'><strong>leguntur:</strong></span> <span class='ocrx_word' id='word_1_208' title='bbox 893 2570 1019 2632; x_wconf 73' lang='lat' dir='ltr'><strong>rigandum</strong></span> <span class='ocrx_word' id='word_1_209' title='bbox 1035 2572 1083 2621; x_wconf 89' lang='lat' dir='ltr'><strong>est.</strong></span> <span class='ocrx_word' id='word_1_210' title='bbox 1110 2573 1254 2634; x_wconf 80' lang='lat' dir='ltr'><strong>Quanquam</strong></span> <span class='ocrx_word' id='word_1_211' title='bbox 1271 2573 1344 2622; x_wconf 85' lang='lat' dir='ltr'><strong>buius</strong></span> <span class='ocrx_word' id='word_1_212' title='bbox 1362 2577 1475 2624; x_wconf 80' lang='lat' dir='ltr'><strong>vocabuli</strong></span> 
     </span>
     <span class='ocr_line' id='line_1_22' title="bbox 279 2659 1474 2728; baseline -0.001 -13"><span class='ocrx_word' id='word_1_213' title='bbox 279 2666 391 2728; x_wconf 72' lang='lat' dir='ltr'><strong>lanuino</strong></span> <span class='ocrx_word' id='word_1_214' title='bbox 412 2662 496 2726; x_wconf 71' lang='lat' dir='ltr'><strong>sabb,</strong></span> <span class='ocrx_word' id='word_1_215' title='bbox 522 2676 567 2725; x_wconf 80' lang='lat' dir='ltr'><strong>pao</strong></span> <span class='ocrx_word' id='word_1_216' title='bbox 584 2665 616 2710; x_wconf 90' lang='lat' dir='ltr'><strong>ad</strong></span> <span class='ocrx_word' id='word_1_217' title='bbox 635 2661 728 2711; x_wconf 84' lang='lat' dir='ltr'><strong>molum</strong></span> <span class='ocrx_word' id='word_1_218' title='bbox 752 2665 861 2712; x_wconf 79' lang='lat' dir='ltr'><strong>natrano</strong></span> <span class='ocrx_word' id='word_1_219' title='bbox 893 2660 1023 2708; x_wconf 87' lang='lat' dir='ltr'><strong>auctoritas</strong></span> <span class='ocrx_word' id='word_1_220' title='bbox 1047 2661 1097 2708; x_wconf 84' lang='lat' dir='ltr'><strong>tam</strong></span> <span class='ocrx_word' id='word_1_221' title='bbox 1117 2659 1191 2709; x_wconf 89' lang='lat' dir='ltr'><strong>dubia</strong></span> <span class='ocrx_word' id='word_1_222' title='bbox 1213 2661 1336 2710; x_wconf 84' lang='lat' dir='ltr'><strong>Frcundio</strong></span> <span class='ocrx_word' id='word_1_223' title='bbox 1357 2663 1410 2712; x_wconf 84' lang='lat' dir='ltr'><strong>visa</strong></span> <span class='ocrx_word' id='word_1_224' title='bbox 1427 2666 1474 2726; x_wconf 81' lang='lat' dir='ltr'><strong>cat,</strong></span> 
     </span>
     <span class='ocr_line' id='line_1_23' title="bbox 277 2749 1476 2818; baseline -0.003 -13"><span class='ocrx_word' id='word_1_225' title='bbox 277 2755 463 2818; x_wconf 76' lang='lat' dir='ltr'><strong>coaalaiapilar.</strong></span> <span class='ocrx_word' id='word_1_226' title='bbox 484 2755 534 2800; x_wconf 87' lang='lat' dir='ltr'><strong>lam</strong></span> <span class='ocrx_word' id='word_1_227' title='bbox 546 2764 601 2800; x_wconf 90' lang='lat' dir='ltr'><strong>curu</strong></span> <span class='ocrx_word' id='word_1_228' title='bbox 612 2751 677 2812; x_wconf 91' lang='lat' dir='ltr'><strong>apud</strong></span> <span class='ocrx_word' id='word_1_229' title='bbox 688 2751 791 2800; x_wconf 82' lang='lat' dir='ltr'><strong>Nouium</strong></span> <span class='ocrx_word' id='word_1_230' title='bbox 804 2763 825 2799; x_wconf 77' lang='lat' dir='ltr'><strong>s,</strong></span> <span class='ocrx_word' id='word_1_231' title='bbox 837 2762 860 2801; x_wconf 84' lang='lat' dir='ltr'><strong>r.</strong></span> <span class='ocrx_word' id='word_1_232' title='bbox 892 2749 921 2796; x_wconf 88' lang='lat' dir='ltr'><strong>ut</strong></span> <span class='ocrx_word' id='word_1_233' title='bbox 937 2761 968 2798; x_wconf 87' lang='lat' dir='ltr'><strong>ne</strong></span> <span class='ocrx_word' id='word_1_234' title='bbox 984 2750 1085 2798; x_wconf 84' lang='lat' dir='ltr'><strong>verbum</strong></span> <span class='ocrx_word' id='word_1_235' title='bbox 1103 2749 1202 2810; x_wconf 83' lang='lat' dir='ltr'><strong>quidem</strong></span> <span class='ocrx_word' id='word_1_236' title='bbox 1219 2749 1250 2798; x_wconf 89' lang='lat' dir='ltr'><strong>de</strong></span> <span class='ocrx_word' id='word_1_237' title='bbox 1270 2763 1298 2798; x_wconf 87' lang='lat' dir='ltr'><strong>eo</strong></span> <span class='ocrx_word' id='word_1_238' title='bbox 1314 2751 1418 2816; x_wconf 64' lang='lat' dir='ltr'><strong>lacerat.</strong></span> <span class='ocrx_word' id='word_1_239' title='bbox 1446 2754 1476 2802; x_wconf 78' lang='lat' dir='ltr'><strong>bt</strong></span> 
     </span>
     <span class='ocr_line' id='line_1_24' title="bbox 277 2836 1476 2900; baseline -0.003 -6"><span class='ocrx_word' id='word_1_240' title='bbox 277 2843 402 2894; x_wconf 76' lang='lat' dir='ltr'><strong>Amboror</strong></span> <span class='ocrx_word' id='word_1_241' title='bbox 424 2842 442 2888; x_wconf 92' lang='lat' dir='ltr'><strong>l.</strong></span> <span class='ocrx_word' id='word_1_242' title='bbox 460 2842 479 2892; x_wconf 91' lang='lat' dir='ltr'><strong>l.</strong></span> <span class='ocrx_word' id='word_1_243' title='bbox 506 2840 591 2888; x_wconf 84' lang='lat' dir='ltr'><strong>eadem</strong></span> <span class='ocrx_word' id='word_1_244' title='bbox 615 2838 665 2887; x_wconf 78' lang='lat' dir='ltr'><strong>lere</strong></span> <span class='ocrx_word' id='word_1_245' title='bbox 683 2839 771 2900; x_wconf 87' lang='lat' dir='ltr'><strong>scripta</strong></span> <span class='ocrx_word' id='word_1_246' title='bbox 794 2838 859 2888; x_wconf 86' lang='lat' dir='ltr'><strong>sint:</strong></span> <span class='ocrx_word' id='word_1_247' title='bbox 893 2836 963 2885; x_wconf 84' lang='lat' dir='ltr'><strong>facila</strong></span> <span class='ocrx_word' id='word_1_248' title='bbox 983 2837 1064 2898; x_wconf 88' lang='lat' dir='ltr'><strong>patior</strong></span> <span class='ocrx_word' id='word_1_249' title='bbox 1081 2837 1148 2900; x_wconf 87' lang='lat' dir='ltr'><strong>ficri,</strong></span> <span class='ocrx_word' id='word_1_250' title='bbox 1177 2838 1236 2888; x_wconf 84' lang='lat' dir='ltr'><strong>alios</strong></span> <span class='ocrx_word' id='word_1_251' title='bbox 1257 2839 1310 2888; x_wconf 88' lang='lat' dir='ltr'><strong>aliia</strong></span> <span class='ocrx_word' id='word_1_252' title='bbox 1331 2841 1476 2892; x_wconf 74' lang='lat' dir='ltr'><strong>muiccturia</strong></span> 
     </span>
     <span class='ocr_line' id='line_1_25' title="bbox 278 2925 1477 2992; baseline -0.002 -12"><span class='ocrx_word' id='word_1_253' title='bbox 278 2929 375 2992; x_wconf 62' lang='lat' dir='ltr'><strong>nmio,</strong></span> <span class='ocrx_word' id='word_1_254' title='bbox 389 2927 473 2992; x_wconf 78' lang='lat' dir='ltr'><strong>quibua</strong></span> <span class='ocrx_word' id='word_1_255' title='bbox 483 2930 613 2976; x_wconf 75' lang='lat' dir='ltr'><strong>calonnae</strong></span> <span class='ocrx_word' id='word_1_256' title='bbox 626 2927 738 2974; x_wconf 74' lang='lat' dir='ltr'><strong>taamtor</strong></span> <span class='ocrx_word' id='word_1_257' title='bbox 745 2939 755 2986; x_wconf 87' lang='lat'><strong>,·</strong></span> <span class='ocrx_word' id='word_1_258' title='bbox 768 2926 795 2974; x_wconf 86' lang='lat' dir='ltr'><strong>ct</strong></span> <span class='ocrx_word' id='word_1_259' title='bbox 805 2939 861 2974; x_wconf 90' lang='lat' dir='ltr'><strong>cum</strong></span> <span class='ocrx_word' id='word_1_260' title='bbox 892 2925 949 2972; x_wconf 86' lang='lat' dir='ltr'><strong>huic</strong></span> <span class='ocrx_word' id='word_1_261' title='bbox 966 2925 1019 2974; x_wconf 86' lang='lat' dir='ltr'><strong>loco</strong></span> <span class='ocrx_word' id='word_1_262' title='bbox 1036 2925 1146 2986; x_wconf 85' lang='lat' dir='ltr'><strong>mederi,</strong></span> <span class='ocrx_word' id='word_1_263' title='bbox 1173 2926 1199 2976; x_wconf 86' lang='lat' dir='ltr'><strong>et</strong></span> <span class='ocrx_word' id='word_1_264' title='bbox 1222 2926 1297 2987; x_wconf 86' lang='lat' dir='ltr'><strong>ipsius</strong></span> <span class='ocrx_word' id='word_1_265' title='bbox 1316 2930 1420 2989; x_wconf 63' lang='lat' dir='ltr'><strong>consor</strong></span> <span class='ocrx_word' id='word_1_266' title='bbox 1437 2931 1477 2980; x_wconf 82' lang='lat' dir='ltr'><strong>val</strong></span> 
     </span>
     <span class='ocr_line' id='line_1_26' title="bbox 279 3013 1475 3080; baseline -0.001 -11"><span class='ocrx_word' id='word_1_267' title='bbox 279 3030 381 3068; x_wconf 84' lang='lat' dir='ltr'><strong>ancoras</strong></span> <span class='ocrx_word' id='word_1_268' title='bbox 414 3015 483 3064; x_wconf 89' lang='lat' dir='ltr'><strong>notio</strong></span> <span class='ocrx_word' id='word_1_269' title='bbox 519 3013 576 3061; x_wconf 81' lang='lat' dir='ltr'><strong>buia</strong></span> <span class='ocrx_word' id='word_1_270' title='bbox 605 3013 760 3073; x_wconf 83' lang='lat' dir='ltr'><strong>explicationi</strong></span> <span class='ocrx_word' id='word_1_271' title='bbox 793 3015 861 3062; x_wconf 90' lang='lat' dir='ltr'><strong>nullo</strong></span> <span class='ocrx_word' id='word_1_272' title='bbox 893 3013 1017 3076; x_wconf 71' lang='lat' dir='ltr'><strong>abaciaco</strong></span> <span class='ocrx_word' id='word_1_273' title='bbox 1043 3015 1205 3075; x_wconf 83' lang='lat' dir='ltr'><strong>patrocinium</strong></span> <span class='ocrx_word' id='word_1_274' title='bbox 1233 3016 1365 3079; x_wconf 84' lang='lat' dir='ltr'><strong>suscipere.</strong></span> <span class='ocrx_word' id='word_1_275' title='bbox 1394 3019 1475 3080; x_wconf 76' lang='lat' dir='ltr'><strong>Tropo</strong></span> 
     </span>
     <span class='ocr_line' id='line_1_27' title="bbox 278 3098 1474 3166; baseline 0.003 -13"><span class='ocrx_word' id='word_1_276' title='bbox 278 3105 352 3154; x_wconf 90' lang='lat' dir='ltr'><strong>modo</strong></span> <span class='ocrx_word' id='word_1_277' title='bbox 381 3101 509 3150; x_wconf 79' lang='lat' dir='ltr'><strong>coarenbo</strong></span> <span class='ocrx_word' id='word_1_278' title='bbox 532 3098 674 3161; x_wconf 76' lang='lat' dir='ltr'><strong>rideretur,</strong></span> <span class='ocrx_word' id='word_1_279' title='bbox 705 3099 801 3163; x_wconf 75' lang='lat' dir='ltr'><strong>rapina</strong></span> <span class='ocrx_word' id='word_1_280' title='bbox 828 3102 858 3150; x_wconf 87' lang='lat' dir='ltr'><strong>ci.</strong></span> <span class='ocrx_word' id='word_1_281' title='bbox 893 3101 958 3150; x_wconf 87' lang='lat' dir='ltr'><strong>cuim</strong></span> <span class='ocrx_word' id='word_1_282' title='bbox 976 3114 1026 3152; x_wconf 92' lang='lat' dir='ltr'><strong>nou</strong></span> <span class='ocrx_word' id='word_1_283' title='bbox 1040 3103 1112 3164; x_wconf 87' lang='lat' dir='ltr'><strong>plane</strong></span> <span class='ocrx_word' id='word_1_284' title='bbox 1124 3104 1239 3154; x_wconf 84' lang='lat' dir='ltr'><strong>inusitato</strong></span> <span class='ocrx_word' id='word_1_285' title='bbox 1250 3106 1379 3166; x_wconf 81' lang='lat' dir='ltr'><strong>utramque</strong></span> <span class='ocrx_word' id='word_1_286' title='bbox 1389 3118 1474 3156; x_wconf 78' lang='lat' dir='ltr'><strong>rocam</strong></span> 
     </span>
     <span class='ocr_line' id='line_1_28' title="bbox 278 3188 1443 3255; baseline 0.005 -15"><span class='ocrx_word' id='word_1_287' title='bbox 278 3195 354 3241; x_wconf 74' lang='lat' dir='ltr'><strong>Turn.</strong></span> <span class='ocrx_word' id='word_1_288' title='bbox 378 3189 486 3252; x_wconf 82' lang='lat' dir='ltr'><strong>anpoina</strong></span> <span class='ocrx_word' id='word_1_289' title='bbox 504 3189 547 3238; x_wconf 82' lang='grc' dir='ltr'><strong>Π).</strong></span> <span class='ocrx_word' id='word_1_290' title='bbox 572 3188 732 3248; x_wconf 70' lang='lat' dir='ltr'><strong>anquirani</strong></span> <span class='ocrx_word' id='word_1_291' title='bbox 756 3191 860 3238; x_wconf 80' lang='lat' dir='ltr'><strong>amoiro</strong></span> <span class='ocrx_word' id='word_1_292' title='bbox 892 3202 937 3251; x_wconf 91' lang='lat' dir='ltr'><strong>pro</strong></span> <span class='ocrx_word' id='word_1_293' title='bbox 954 3190 1057 3240; x_wconf 75' lang='lat' dir='ltr'><strong>vinculis</strong></span> <span class='ocrx_word' id='word_1_294' title='bbox 1075 3191 1123 3240; x_wconf 84' lang='lat' dir='ltr'><strong>dici</strong></span> <span class='ocrx_word' id='word_1_295' title='bbox 1140 3205 1211 3255; x_wconf 84' lang='lat' dir='ltr'><strong>posse</strong></span> <span class='ocrx_word' id='word_1_296' title='bbox 1229 3207 1279 3243; x_wconf 92' lang='lat' dir='ltr'><strong>uon</strong></span> <span class='ocrx_word' id='word_1_297' title='bbox 1297 3193 1443 3254; x_wconf 66' lang='lat' dir='ltr'><strong>ornaverim.</strong></span> 
     </span>
     <span class='ocr_line' id='line_1_29' title="bbox 278 3272 1475 3351; baseline 0 -21"><span class='ocrx_word' id='word_1_298' title='bbox 278 3282 387 3340; x_wconf 60' lang='lat' dir='ltr'><strong>Gramen</strong></span> <span class='ocrx_word' id='word_1_299' title='bbox 434 3289 525 3326; x_wconf 83' lang='lat' dir='ltr'><strong>aacoro</strong></span> <span class='ocrx_word' id='word_1_300' title='bbox 566 3277 696 3326; x_wconf 79' lang='lat' dir='ltr'><strong>Weicbert.</strong></span> <span class='ocrx_word' id='word_1_301' title='bbox 743 3272 860 3351; x_wconf 76' lang='grc' dir='ltr'><strong><em>ἄγκυρα</em></strong></span> <span class='ocrx_word' id='word_1_302' title='bbox 930 3279 972 3326; x_wconf 88' lang='lat' dir='ltr'><strong>ll.</strong></span> <span class='ocrx_word' id='word_1_303' title='bbox 995 3279 1054 3330; x_wconf 86' lang='lat' dir='ltr'><strong>laid.</strong></span> <span class='ocrx_word' id='word_1_304' title='bbox 1077 3283 1142 3332; x_wconf 79' lang='lat' dir='ltr'><strong>xlii.</strong></span> <span class='ocrx_word' id='word_1_305' title='bbox 1169 3282 1194 3330; x_wconf 79' lang='lat' dir='ltr'><strong>li.</strong></span> <span class='ocrx_word' id='word_1_306' title='bbox 1217 3283 1241 3330; x_wconf 86' lang='grc'><strong>7.</strong></span> <span class='ocrx_word' id='word_1_307' title='bbox 1275 3284 1475 3341; x_wconf 77' lang='lat' dir='ltr'><strong>„Calaproraler</strong></span> 
     </span>
     <span class='ocr_line' id='line_1_30' title="bbox 277 3363 1474 3430; baseline -0.001 -11"><span class='ocrx_word' id='word_1_308' title='bbox 277 3366 394 3420; x_wconf 81' lang='lat' dir='ltr'><strong>Schmidt.</strong></span> <span class='ocrx_word' id='word_1_309' title='bbox 424 3377 469 3428; x_wconf 86' lang='lat' dir='ltr'><strong>pro</strong></span> <span class='ocrx_word' id='word_1_310' title='bbox 502 3363 542 3416; x_wconf 78' lang='lat' dir='ltr'><strong>ael</strong></span> <span class='ocrx_word' id='word_1_311' title='bbox 570 3366 653 3414; x_wconf 85' lang='lat' dir='ltr'><strong>amata</strong></span> <span class='ocrx_word' id='word_1_312' title='bbox 686 3366 752 3428; x_wconf 89' lang='lat' dir='ltr'><strong>quod</strong></span> <span class='ocrx_word' id='word_1_313' title='bbox 781 3367 858 3416; x_wconf 81' lang='lat' dir='ltr'><strong>codd.</strong></span> <span class='ocrx_word' id='word_1_314' title='bbox 893 3366 974 3430; x_wconf 88' lang='lat' dir='ltr'><strong>(lectt.</strong></span> <span class='ocrx_word' id='word_1_315' title='bbox 1006 3380 1072 3418; x_wconf 80' lang='lat' dir='ltr'><strong>rarr.</strong></span> <span class='ocrx_word' id='word_1_316' title='bbox 1109 3372 1275 3430; x_wconf 84' lang='lat' dir='ltr'><strong>rolaporatea,</strong></span> <span class='ocrx_word' id='word_1_317' title='bbox 1309 3371 1474 3430; x_wconf 82' lang='lat' dir='ltr'><strong>caioparatar,</strong></span> 
     </span>
     <span class='ocr_line' id='line_1_31' title="bbox 277 3454 1475 3519; baseline 0.001 -12"><span class='ocrx_word' id='word_1_318' title='bbox 277 3458 391 3519; x_wconf 82' lang='lat' dir='ltr'><strong>tuentur,</strong></span> <span class='ocrx_word' id='word_1_319' title='bbox 410 3454 464 3504; x_wconf 85' lang='lat' dir='ltr'><strong>orla</strong></span> <span class='ocrx_word' id='word_1_320' title='bbox 483 3455 566 3504; x_wconf 84' lang='lat' dir='ltr'><strong>amalo</strong></span> <span class='ocrx_word' id='word_1_321' title='bbox 583 3467 630 3516; x_wconf 71' lang='lat' dir='ltr'><strong>ma.</strong></span> <span class='ocrx_word' id='word_1_322' title='bbox 651 3458 672 3504; x_wconf 91' lang='lat' dir='ltr'><strong>l.</strong></span> <span class='ocrx_word' id='word_1_323' title='bbox 690 3457 722 3503; x_wconf 87' lang='lat' dir='ltr'><strong>ll.</strong></span> <span class='ocrx_word' id='word_1_324' title='bbox 746 3457 797 3504; x_wconf 91' lang='lat' dir='ltr'><strong>lam</strong></span> <span class='ocrx_word' id='word_1_325' title='bbox 814 3456 860 3504; x_wconf 88' lang='lat' dir='ltr'><strong>boc</strong></span> <span class='ocrx_word' id='word_1_326' title='bbox 891 3456 1065 3518; x_wconf 84' lang='lat' dir='ltr'><strong>calapioralcm</strong></span> <span class='ocrx_word' id='word_1_327' title='bbox 1082 3458 1243 3518; x_wconf 80' lang='lat' dir='ltr'><strong>calopioralaa</strong></span> <span class='ocrx_word' id='word_1_328' title='bbox 1261 3456 1404 3519; x_wconf 77' lang='lat' dir='ltr'><strong>colosorotar</strong></span> <span class='ocrx_word' id='word_1_329' title='bbox 1415 3457 1475 3508; x_wconf 79' lang='lat' dir='ltr'><strong>ride</strong></span> 
     </span>
     <span class='ocr_line' id='line_1_32' title="bbox 276 3543 1475 3610; baseline 0.003 -16"><span class='ocrx_word' id='word_1_330' title='bbox 276 3545 374 3609; x_wconf 82' lang='lat' dir='ltr'><strong>quidam</strong></span> <span class='ocrx_word' id='word_1_331' title='bbox 396 3543 551 3594; x_wconf 75' lang='lat' dir='ltr'><strong>muitarum</strong></span> <span class='ocrx_word' id='word_1_332' title='bbox 573 3544 624 3606; x_wconf 83' lang='lat' dir='ltr'><strong>ast,</strong></span> <span class='ocrx_word' id='word_1_333' title='bbox 650 3545 694 3593; x_wconf 89' lang='lat' dir='ltr'><strong>aut</strong></span> <span class='ocrx_word' id='word_1_334' title='bbox 721 3544 857 3606; x_wconf 82' lang='lat' dir='ltr'><strong>librarium,</strong></span> <span class='ocrx_word' id='word_1_335' title='bbox 891 3556 931 3608; x_wconf 90' lang='lat' dir='ltr'><strong>ap.</strong></span> <span class='ocrx_word' id='word_1_336' title='bbox 950 3546 1036 3610; x_wconf 87' lang='lat' dir='ltr'><strong>Lind.)</strong></span> <span class='ocrx_word' id='word_1_337' title='bbox 1054 3547 1182 3597; x_wconf 63' lang='lat' dir='ltr'><strong>mearum</strong></span> <span class='ocrx_word' id='word_1_338' title='bbox 1195 3559 1275 3596; x_wconf 86' lang='lat' dir='ltr'><strong>masaa</strong></span> <span class='ocrx_word' id='word_1_339' title='bbox 1291 3547 1412 3608; x_wconf 82' lang='lat' dir='ltr'><strong>plumbea,</strong></span> <span class='ocrx_word' id='word_1_340' title='bbox 1426 3559 1475 3609; x_wconf 81' lang='lat' dir='ltr'><strong>qua</strong></span> 
     </span>
     <span class='ocr_line' id='line_1_33' title="bbox 276 3633 1472 3698; baseline 0 -14"><span class='ocrx_word' id='word_1_341' title='bbox 276 3637 318 3686; x_wconf 88' lang='lat' dir='ltr'><strong>aut</strong></span> <span class='ocrx_word' id='word_1_342' title='bbox 334 3634 438 3684; x_wconf 81' lang='lat' dir='ltr'><strong>Nouium</strong></span> <span class='ocrx_word' id='word_1_343' title='bbox 456 3646 567 3694; x_wconf 78' lang='lat' dir='ltr'><strong>errassa3</strong></span> <span class='ocrx_word' id='word_1_344' title='bbox 587 3645 659 3684; x_wconf 86' lang='lat' dir='ltr'><strong>nemo</strong></span> <span class='ocrx_word' id='word_1_345' title='bbox 676 3633 742 3682; x_wconf 80' lang='lat' dir='ltr'><strong>enim</strong></span> <span class='ocrx_word' id='word_1_346' title='bbox 758 3633 857 3695; x_wconf 83' lang='lat' dir='ltr'><strong>dixerit,</strong></span> <span class='ocrx_word' id='word_1_347' title='bbox 891 3635 965 3684; x_wconf 87' lang='lat' dir='ltr'><strong>maris</strong></span> <span class='ocrx_word' id='word_1_348' title='bbox 991 3634 1095 3684; x_wconf 82' lang='lat' dir='ltr'><strong>altitudo</strong></span> <span class='ocrx_word' id='word_1_349' title='bbox 1125 3635 1262 3684; x_wconf 82' lang='lat' dir='ltr'><strong>toulalur.&#39;’</strong></span> <span class='ocrx_word' id='word_1_350' title='bbox 1296 3634 1342 3686; x_wconf 87' lang='lat' dir='ltr'><strong>alr.</strong></span> <span class='ocrx_word' id='word_1_351' title='bbox 1370 3636 1472 3698; x_wconf 80' lang='lat' dir='ltr'><strong>uesycb</strong></span> 
     </span>
     <span class='ocr_line' id='line_1_34' title="bbox 274 3720 1474 3794; baseline 0.005 -24"><span class='ocrx_word' id='word_1_352' title='bbox 274 3735 368 3772; x_wconf 83' lang='lat' dir='ltr'><strong>ancora</strong></span> <span class='ocrx_word' id='word_1_353' title='bbox 397 3721 522 3768; x_wconf 86' lang='lat' dir='ltr'><strong>antemnas</strong></span> <span class='ocrx_word' id='word_1_354' title='bbox 554 3722 641 3770; x_wconf 85' lang='lat' dir='ltr'><strong>terreri.</strong></span> <span class='ocrx_word' id='word_1_355' title='bbox 676 3720 720 3770; x_wconf 86' lang='lat' dir='ltr'><strong>aed</strong></span> <span class='ocrx_word' id='word_1_356' title='bbox 749 3723 859 3772; x_wconf 85' lang='lat' dir='ltr'><strong>vocabuli</strong></span> <span class='ocrx_word' id='word_1_357' title='bbox 891 3721 1189 3794; x_wconf 79' lang='grc' dir='ltr'><strong><em>καταπειρητῆρι</em></strong></span> <span class='ocrx_word' id='word_1_358' title='bbox 1225 3721 1337 3789; x_wconf 77' lang='grc' dir='ltr'><strong><em>τόπους</em></strong></span> <span class='ocrx_word' id='word_1_359' title='bbox 1371 3723 1474 3789; x_wconf 62' lang='grc' dir='ltr'><em>βαθεῖς</em></span> 
     </span>
     <span class='ocr_line' id='line_1_35' title="bbox 277 3807 1474 3884; baseline 0.003 -26"><span class='ocrx_word' id='word_1_360' title='bbox 277 3809 399 3872; x_wconf 73' lang='lat' dir='ltr'><strong>anputatae</strong></span> <span class='ocrx_word' id='word_1_361' title='bbox 424 3809 554 3860; x_wconf 75' lang='lat' dir='ltr'><strong>auctoritas</strong></span> <span class='ocrx_word' id='word_1_362' title='bbox 580 3821 630 3858; x_wconf 90' lang='lat' dir='ltr'><strong>non</strong></span> <span class='ocrx_word' id='word_1_363' title='bbox 660 3810 740 3858; x_wconf 86' lang='lat' dir='ltr'><strong>miuus</strong></span> <span class='ocrx_word' id='word_1_364' title='bbox 766 3809 856 3873; x_wconf 84' lang='lat' dir='ltr'><strong>dubia;</strong></span> <span class='ocrx_word' id='word_1_365' title='bbox 890 3811 1054 3884; x_wconf 75' lang='grc' dir='ltr'><em>πειράζοντι</em></span> <span class='ocrx_word' id='word_1_366' title='bbox 1070 3812 1121 3862; x_wconf 72' lang='grc' dir='ltr'><strong>καὶ</strong></span> <span class='ocrx_word' id='word_1_367' title='bbox 1138 3807 1156 3879; x_wconf 83' lang='grc' dir='ltr'><strong><em>ἡ</em></strong></span> <span class='ocrx_word' id='word_1_368' title='bbox 1171 3811 1315 3882; x_wconf 79' lang='grc' dir='ltr'><strong>λεγομένη</strong></span> <span class='ocrx_word' id='word_1_369' title='bbox 1330 3810 1424 3880; x_wconf 82' lang='grc' dir='ltr'><strong>βόλις.</strong></span> <span class='ocrx_word' id='word_1_370' title='bbox 1443 3827 1474 3862; x_wconf 81' lang='lat' dir='ltr'><strong>ax</strong></span> 
     </span>
     <span class='ocr_line' id='line_1_36' title="bbox 276 3896 1473 3963; baseline 0.003 -17"><span class='ocrx_word' id='word_1_371' title='bbox 276 3897 398 3960; x_wconf 82' lang='lat' dir='ltr'><strong>copinam</strong></span> <span class='ocrx_word' id='word_1_372' title='bbox 414 3896 489 3959; x_wconf 83' lang='lat' dir='ltr'><strong>culm,</strong></span> <span class='ocrx_word' id='word_1_373' title='bbox 509 3896 576 3959; x_wconf 86' lang='lat' dir='ltr'><strong>quod</strong></span> <span class='ocrx_word' id='word_1_374' title='bbox 588 3910 640 3946; x_wconf 82' lang='lat' dir='ltr'><strong>voc.</strong></span> <span class='ocrx_word' id='word_1_375' title='bbox 655 3898 856 3961; x_wconf 74' lang='lat' dir='ltr'><strong>morbumaigni-</strong></span> <span class='ocrx_word' id='word_1_376' title='bbox 890 3911 938 3962; x_wconf 87' lang='lat' dir='ltr'><strong>quo</strong></span> <span class='ocrx_word' id='word_1_377' title='bbox 957 3899 1010 3948; x_wconf 90' lang='lat' dir='ltr'><strong>loco</strong></span> <span class='ocrx_word' id='word_1_378' title='bbox 1030 3898 1171 3960; x_wconf 64' lang='lat' dir='ltr'><strong>intelligitur</strong></span> <span class='ocrx_word' id='word_1_379' title='bbox 1189 3901 1335 3963; x_wconf 76' lang='lat' dir='ltr'><strong>scripturam</strong></span> <span class='ocrx_word' id='word_1_380' title='bbox 1346 3902 1473 3962; x_wconf 83' lang='lat' dir='ltr'><strong>catapira-</strong></span> 
     </span>
     <span class='ocr_line' id='line_1_37' title="bbox 276 3986 1471 4052; baseline 0.002 -16"><span class='ocrx_word' id='word_1_381' title='bbox 276 3986 346 4048; x_wconf 80' lang='lat' dir='ltr'><strong>rut,</strong></span> <span class='ocrx_word' id='word_1_382' title='bbox 381 3986 407 4034; x_wconf 86' lang='lat' dir='ltr'><strong>et</strong></span> <span class='ocrx_word' id='word_1_383' title='bbox 433 3987 584 4047; x_wconf 80' lang='lat' dir='ltr'><strong>aapotoam,</strong></span> <span class='ocrx_word' id='word_1_384' title='bbox 620 3987 686 4050; x_wconf 87' lang='lat' dir='ltr'><strong>quod</strong></span> <span class='ocrx_word' id='word_1_385' title='bbox 712 3987 857 4038; x_wconf 86' lang='lat' dir='ltr'><strong>adiectr&#39;rum</strong></span> <span class='ocrx_word' id='word_1_386' title='bbox 891 3990 938 4038; x_wconf 85' lang='lat' dir='ltr'><strong>lam</strong></span> <span class='ocrx_word' id='word_1_387' title='bbox 956 3987 1007 4036; x_wconf 81' lang='lat' dir='ltr'><strong>aiva</strong></span> <span class='ocrx_word' id='word_1_388' title='bbox 1025 4000 1042 4034; x_wconf 84' lang='lat' dir='ltr'><strong>a</strong></span> <span class='ocrx_word' id='word_1_389' title='bbox 1059 3987 1191 4049; x_wconf 88' lang='lat' dir='ltr'><strong>plurimum</strong></span> <span class='ocrx_word' id='word_1_390' title='bbox 1204 3990 1356 4040; x_wconf 82' lang='lat' dir='ltr'><strong>auctoritatis</strong></span> <span class='ocrx_word' id='word_1_391' title='bbox 1373 3989 1471 4052; x_wconf 77' lang='lat' dir='ltr'><strong>babere,</strong></span> 
     </span>
     <span class='ocr_line' id='line_1_38' title="bbox 277 4073 1472 4150; baseline 0 -24"><span class='ocrx_word' id='word_1_392' title='bbox 277 4086 353 4138; x_wconf 81' lang='lat' dir='ltr'><strong>acque</strong></span> <span class='ocrx_word' id='word_1_393' title='bbox 371 4085 398 4122; x_wconf 87' lang='lat' dir='ltr'><strong>ac</strong></span> <span class='ocrx_word' id='word_1_394' title='bbox 415 4074 551 4134; x_wconf 75' lang='lat' dir='ltr'><strong>abaciacus</strong></span> <span class='ocrx_word' id='word_1_395' title='bbox 567 4076 596 4124; x_wconf 88' lang='lat' dir='ltr'><strong>ab</strong></span> <span class='ocrx_word' id='word_1_396' title='bbox 614 4077 703 4139; x_wconf 73' lang='lat' dir='ltr'><strong>abacia</strong></span> <span class='ocrx_word' id='word_1_397' title='bbox 720 4077 854 4140; x_wconf 81' lang='lat' dir='ltr'><strong>derivatur,</strong></span> <span class='ocrx_word' id='word_1_398' title='bbox 889 4087 968 4138; x_wconf 80' lang='lat' dir='ltr'><strong>usqua</strong></span> <span class='ocrx_word' id='word_1_399' title='bbox 993 4073 1147 4150; x_wconf 75' lang='grc' dir='ltr'><strong>πρωράτης</strong></span> <span class='ocrx_word' id='word_1_400' title='bbox 1168 4079 1185 4128; x_wconf 93' lang='lat' dir='ltr'><strong>i.</strong></span> <span class='ocrx_word' id='word_1_401' title='bbox 1205 4091 1219 4126; x_wconf 85' lang='lat' dir='ltr'><strong>a</strong></span> <span class='ocrx_word' id='word_1_402' title='bbox 1237 4077 1404 4138; x_wconf 75' lang='lat' dir='ltr'><strong>gubernatoris</strong></span> <span class='ocrx_word' id='word_1_403' title='bbox 1420 4077 1472 4126; x_wconf 85' lang='lat' dir='ltr'><strong>mi-</strong></span> 
     </span>
     <span class='ocr_line' id='line_1_39' title="bbox 275 4162 1474 4228; baseline 0.002 -16"><span class='ocrx_word' id='word_1_404' title='bbox 275 4163 334 4214; x_wconf 83' lang='lat' dir='ltr'><strong>larri</strong></span> <span class='ocrx_word' id='word_1_405' title='bbox 350 4162 391 4213; x_wconf 83' lang='lat' dir='ltr'><strong>vix</strong></span> <span class='ocrx_word' id='word_1_406' title='bbox 415 4162 504 4224; x_wconf 83' lang='lat' dir='ltr'><strong>pateat.</strong></span> <span class='ocrx_word' id='word_1_407' title='bbox 534 4164 563 4214; x_wconf 77' lang='lat' dir='ltr'><strong>at</strong></span> <span class='ocrx_word' id='word_1_408' title='bbox 587 4164 710 4226; x_wconf 87' lang='lat' dir='ltr'><strong>propriam</strong></span> <span class='ocrx_word' id='word_1_409' title='bbox 734 4164 855 4228; x_wconf 85' lang='lat' dir='ltr'><strong>quandam</strong></span> <span class='ocrx_word' id='word_1_410' title='bbox 889 4164 979 4227; x_wconf 79' lang='lat' dir='ltr'><strong>uiator,</strong></span> <span class='ocrx_word' id='word_1_411' title='bbox 1006 4165 1053 4214; x_wconf 90' lang='lat' dir='ltr'><strong>buc</strong></span> <span class='ocrx_word' id='word_1_412' title='bbox 1077 4167 1141 4216; x_wconf 86' lang='lat' dir='ltr'><strong>trabi</strong></span> <span class='ocrx_word' id='word_1_413' title='bbox 1163 4179 1243 4228; x_wconf 79' lang='lat' dir='ltr'><strong>porsc-</strong></span> <span class='ocrx_word' id='word_1_414' title='bbox 1272 4178 1317 4228; x_wconf 91' lang='lat' dir='ltr'><strong>pro</strong></span> <span class='ocrx_word' id='word_1_415' title='bbox 1345 4163 1408 4214; x_wconf 82' lang='lat' dir='ltr'><strong>baar</strong></span> <span class='ocrx_word' id='word_1_416' title='bbox 1433 4166 1474 4216; x_wconf 81' lang='lat' dir='ltr'><strong>vei</strong></span> 
     </span>
     <span class='ocr_line' id='line_1_40' title="bbox 275 4250 1472 4316; baseline 0.004 -14"><span class='ocrx_word' id='word_1_417' title='bbox 275 4252 325 4302; x_wconf 84' lang='lat' dir='ltr'><strong>rim</strong></span> <span class='ocrx_word' id='word_1_418' title='bbox 347 4264 399 4301; x_wconf 84' lang='lat' dir='ltr'><strong>casa</strong></span> <span class='ocrx_word' id='word_1_419' title='bbox 423 4250 559 4314; x_wconf 57' lang='lat' dir='ltr'><strong>aarum,</strong></span> <span class='ocrx_word' id='word_1_420' title='bbox 585 4253 610 4302; x_wconf 83' lang='lat' dir='ltr'><strong>ct</strong></span> <span class='ocrx_word' id='word_1_421' title='bbox 628 4265 659 4304; x_wconf 83' lang='lat' dir='ltr'><strong>cx</strong></span> <span class='ocrx_word' id='word_1_422' title='bbox 676 4267 748 4304; x_wconf 82' lang='lat' dir='ltr'><strong>aaran</strong></span> <span class='ocrx_word' id='word_1_423' title='bbox 766 4253 855 4304; x_wconf 78' lang='lat' dir='ltr'><strong>cinnae</strong></span> <span class='ocrx_word' id='word_1_424' title='bbox 889 4252 967 4312; x_wconf 81' lang='lat' dir='ltr'><strong>brac,</strong></span> <span class='ocrx_word' id='word_1_425' title='bbox 980 4254 1046 4316; x_wconf 86' lang='lat' dir='ltr'><strong>quod</strong></span> <span class='ocrx_word' id='word_1_426' title='bbox 1058 4255 1135 4306; x_wconf 81' lang='lat' dir='ltr'><strong>codd.</strong></span> <span class='ocrx_word' id='word_1_427' title='bbox 1150 4255 1266 4316; x_wconf 81' lang='lat' dir='ltr'><strong>tuantur,</strong></span> <span class='ocrx_word' id='word_1_428' title='bbox 1285 4254 1350 4304; x_wconf 86' lang='lat' dir='ltr'><strong>scal.</strong></span> <span class='ocrx_word' id='word_1_429' title='bbox 1362 4251 1394 4304; x_wconf 89' lang='lat' dir='ltr'><strong>ad</strong></span> <span class='ocrx_word' id='word_1_430' title='bbox 1405 4256 1472 4306; x_wconf 72' lang='lat' dir='ltr'><strong>leat.</strong></span> 
     </span>
     <span class='ocr_line' id='line_1_41' title="bbox 275 4340 1471 4407; baseline 0 -16"><span class='ocrx_word' id='word_1_431' title='bbox 275 4341 375 4407; x_wconf 77' lang='lat' dir='ltr'><strong>portas,</strong></span> <span class='ocrx_word' id='word_1_432' title='bbox 392 4352 465 4403; x_wconf 81' lang='lat' dir='ltr'><strong>quam</strong></span> <span class='ocrx_word' id='word_1_433' title='bbox 483 4340 590 4392; x_wconf 83' lang='lat' dir='ltr'><strong>isidorus</strong></span> <span class='ocrx_word' id='word_1_434' title='bbox 608 4341 690 4394; x_wconf 84' lang='lat' dir='ltr'><strong>laudat</strong></span> <span class='ocrx_word' id='word_1_435' title='bbox 703 4342 768 4392; x_wconf 84' lang='lat' dir='ltr'><strong>rocta</strong></span> <span class='ocrx_word' id='word_1_436' title='bbox 786 4341 854 4392; x_wconf 90' lang='lat' dir='ltr'><strong>colli-</strong></span> <span class='ocrx_word' id='word_1_437' title='bbox 889 4341 1027 4394; x_wconf 83' lang='lat' dir='ltr'><strong>emendarit</strong></span> <span class='ocrx_word' id='word_1_438' title='bbox 1046 4344 1107 4404; x_wconf 84' lang='lat' dir='ltr'><strong>bac,</strong></span> <span class='ocrx_word' id='word_1_439' title='bbox 1132 4344 1239 4394; x_wconf 85' lang='lat' dir='ltr'><strong>servarit</strong></span> <span class='ocrx_word' id='word_1_440' title='bbox 1261 4342 1333 4393; x_wconf 80' lang='lat' dir='ltr'><strong>liud.</strong></span> <span class='ocrx_word' id='word_1_441' title='bbox 1357 4357 1389 4392; x_wconf 84' lang='lat' dir='ltr'><strong>cx</strong></span> <span class='ocrx_word' id='word_1_442' title='bbox 1407 4355 1471 4395; x_wconf 82' lang='lat' dir='ltr'><strong>rarr.</strong></span> 
     </span>
    </p>
   </div>
   <div class='ocr_carea' id='block_1_4' title="bbox 0 0 1642 5134">
    <p class='ocr_par' dir='ltr' id='par_1_9' title="bbox 0 0 1642 5134">
     <span class='ocr_line' id='line_1_42' title="bbox 0 0 1642 5134; baseline 0 2"><span class='ocrx_word' id='word_1_443' title='bbox 0 0 1642 5134; x_wconf 95' lang='lat' dir='ltr'><strong> </strong></span> 
     </span>
    </p>
   </div>
  </div>
 </body>
</html>
