3286 5126
279 441 344 484 xcvi
598 425 699 496 QUAE
718 422 949 486 LUCILlANAE
970 429 1145 488 saturant

279 571 363 652 qood
383 573 508 652 quidem
528 573 727 635 Grammatioi
751 574 912 636 iudicium*
925 573 1000 636 mihi
1019 577 1148 656 propius
1167 545 1217 636 ad*
1231 575 1396 640 veritatem
1416 594 1472 639 ao-

280 696 395 760 oedere
428 695 570 770 videtur,
608 713 708 775 quam*
730 713 810 776 quaa
840 698 910 760 ott.
938 697 1097 778 supplem.
1132 699 1244 776 Adnot.
1277 699 1319 760 ad
1344 699 1474 762 vll'esturn

278 837 310 899 p.
324 817 393 882 odd.
414 820 530 882 statuit.
567 819 642 894 „Ns
663 827 767 882 autern
787 797 924 882 saturnii
943 821 1089 884 carminis
1113 823 1166 884 lex
1192 823 1307 884 violata
1334 838 1401 886 ease
1423 825 1474 886 uia

278 938 400 1016 deatnr,
431 943 527 1006 semel
547 942 721 1017 annotabo,
749 943 863 1022 quibus
892 960 986 1024 saepe
1010 943 1193 1008 observatis
1207 945 1322 1025 passim
1350 947 1384 1006 in
1412 943 1475 1008 boo

277 1061 361 1124 libro
386 1081 461 1126 usus
486 1082 569 1140 sum,
598 1065 734 1126 Saturuii
759 1081 868 1128 versus
896 1065 1026 1126 formam
1054 1083 1156 1145 neque
1183 1066 1223 1127 ad
1249 1083 1318 1128 eam
1335 1079 1474 1129 normam

282 1187 546 1268 adstringendum,
573 1203 668 1267 quam
693 1195 923 1270 proposuerunt
943 1189 1061 1268 antiqui
1081 1190 1281 1252 Grammatioi
1304 1197 1336 1253 et
1360 1181 1495 1252 reeen·'

280 1309 394 1385 tiores,
414 1329 516 1390 neque
535 1312 579 1372 ita
599 1329 667 1374 esse
689 1311 833 1374 omnibus
854 1312 1042 1392 syllabarum
1058 1313 1240 1392 quantitatis
1259 1322 1291 1376 ot
1313 1313 1475 1394 positionis

278 1433 400 1512 legibus
429 1421 625 1509 solvendaim,
656 1441 693 1494 ut
721 1445 835 1515 nuper*
852 1442 1043 1497 censuerunt
1073 1437 1110 1497 ll.
1134 1439 1291 1500 Duentzer
1319 1445 1351 1500 ut
1380 1439 1472 1499 Laur.

178 1635 183 1652 ·
281 1553 408 1617 Lersoh.
429 1555 463 1616 in
483 1555 564 1617 libro
585 1555 624 1619 de
644 1575 737 1620 versu
757 1577 850 1638 quem
869 1567 983 1622 vocant
1002 1559 1157 1622 Saturnio.
1195 1561 1280 1640 ¹Quin
1300 1561 1362 1622 imo
1376 1561 1475 1626 torma

269 1677 323 1764 'ab
344 1678 479 1757 antiquis
503 1677 638 1744 tradita:

281 2043 374 2122 plane
402 2044 482 2106 insta
505 2051 576 2106 est:
609 2045 700 2104 modo
734 2063 828 2108 onnrn
849 2047 1064 2110 observaveris
1084 2065 1121 2111 au
1139 2050 1289 2124 tenueris,
1323 2049 1475 2129 supprimi

283 2181 374 2244 posse
394 2163 498 2230 theses
519 2183 644 2242 omnes,
671 2175 803 2247 ¹uxoapta
830 2169 954 2242 ultima,
981 2170 1115 2231 maxime
1136 2171 1371 2250 penultimam2’l
1410 2173 1476 2233 lloo

283 2289 365 2350 enirn
385 2289 411 2350 si
431 2289 624 2363 comeditur,
649 2290 755 2351 uesoiu
772 2307 811 2350 an
834 2307 873 2351 ex
893 2291 976 2350 omni
995 2291 1163 2352 uerborum
1183 2293 1263 2355 serie
1277 2311 1386 2358 versus
1399 2311 1475 2358 cun·

280 2407 377 2472 licias.
419 2412 514 2471 llulto
533 2411 629 2490 igitur
648 2411 841 2492 probabilius
860 2429 927 2473 esse
946 2406 1081 2487 uidetur,
1104 2414 1295 2492 antiquiores
1314 2415 1354 2478 ad
1372 2417 1477 2479 solum·

279 2529 459 2611 rhythmum
478 2533 639 2596 Saturnios
661 2551 769 2598 versus
790 2533 1016 2614 composuisse,
1038 2535 1188 2610 seriores,
1212 2535 1332 2597 Liuium
1351 2537 1476 2600 Andro-

279 2654 384 2716 nicum
404 2662 437 2717 et
455 2655 603 2718 Naevium
623 2657 704 2732 dieo,
731 2658 848 2738 legem,
875 2674 968 2736 qnam
989 2657 1189 2720 Grammatioi
1204 2658 1337 2734 liabent,
1365 2659 1477 2722 obser·

278 2793 379 2868 rasse.
431 2778 493 2840 Etsi
519 2779 615 2859 igitur
643 2799 749 2842 omnes
775 2761 1079 2844 Saturas'Satnrniis
1112 2783 1254 2844 versibus
1284 2784 1473 2863 compositas

282 2917 349 2964 esse
369 2909 461 2982 puto,
483 2909 588 2964 tamen
607 2903 746 2983 ipsorum
766 2920 911 2966 versuum
932 2903 1141 2968 denominatio
1160 2905 1222 2980 nil,
1245 2923 1347 2985 neque
1368 2905 1406 2968 ad
1419 2907 1475 2968 Sa·
1572 2919 1574 2926 ’

282 2993 423 3086 turarum
444 3027 672 3105 argumentum,
694 3043 797 3106 neque
818 3026 858 3088 ad
878 3025 1008 3087 sormam
1027 3027 1200 3107 pertinuit3
1228 3027 1283 3090 sed
1304 3027 1474 3092 utebantur

281 3153 392 3226 poetae
418 3149 469 3209 val
495 3149 548 3228 qni
574 3150 710 3212 alternos
732 3165 839 3212 versus
864 3149 1064 3224 iactitabant,
1095 3169 1162 3212 nno
1178 3166 1324 3214 versuum
1344 3167 1471 3232 genere,

281 3269 363 3348 quod
388 3278 453 3332 tom
473 3272 620 3333 usitatum
640 3271 709 3332 luit.
750 3273 795 3333 Ut·
814 3289 889 3334 vero
913 3269 993 3334 haec
1012 3274 1149 3336 carmina
1169 3275 1298 3354 propius
1318 3273 1358 3336 ad
1383 3273 1475 3336 ludus

281 3393 421 3457 scenicus
447 3393 650 3467 accederent,
679 3393 821 3473 inprimis
847 3393 1062 3455 saltationibus
1086 3393 1211 3456 ridetur
1235 3411 1301 3456 esse
1329 3393 1472 3457 tribuen-

283 3515 367 3589 dum,
380 3516 492 3596 quibus
506 3516 644 3579 carmina
656 3517 868 3591 imitabantur,
885 3517 1047 3595 dequibus
1060 3515 1199 3598 Dionysii
1214 3515 1477 3580 Halisarnasensis

282 3639 560 3702 luculentissimum
587 3639 796 3702 testimonium
824 3647 882 3702 est.
909 3639 1001 3702 Dion.¹
1028 3641 1096 3700 Hal.
1114 3639 1177 3704 Vll.
1200 3641 1248 3702 li.
1281 3639 1368 3722 μετὰ
1395 3639 1477 3720 τοὺς

283 3758 463 3841 ἐνοιτλλους
492 3760 628 3848 χοροὺς
659 3765 694 3828 oi
720 3761 786 3828 τῶν
810 3762 1035 3845 Σατυρισιιὸν
1053 3760 1250 3845 ἐπόμπευεν
1269 3761 1390 3850 χοροὶ,
1418 3763 1479 3848 τὴν

279 3883 475 3969 Ἑλληνικήν
495 3882 757 3968 εἰδοφοροῦντες
779 3887 933 3951 σίκιννιν.
955 3884 1077 3951 σκευαὶ
1101 3879 1136 3948 δ’
1155 3881 1273 3966 αὐτοῖς
1292 3875 1385 3969 ἦσαν
1404 3885 1478 3966 τοῖς

283 4003 347 4090 μὲν
362 4007 413 4088 εἰς
431 4004 603 4090 Σιληνοὺς
623 4007 817 4074 εἰκασθεῖσι
835 4008 1008 4091 μαλλωτοὶ
1027 4009 1187 4092 χιτῶνες,
1207 4004 1269 4089 αῧς
1289 4008 1374 4075 ἔνιοι
1392 4031 1478 4095 χορ-

284 4129 400 4212 ταίους
424 4131 590 4207 καλοῦσι,
616 4130 677 4196 καὶ
704 4128 913 4214 περιβόλαια
936 4129 977 4194 ἐκ
1000 4129 1128 4211 παντὸς
1161 4129 1308 4212 ἄνθους,
1337 4133 1410 4210 τοῖς
1439 4129 1478 4197 da

286 4254 337 4335 εἰς
352 4252 534 4336 Σατύρους
553 4252 773 4337 περιτιόμαια
787 4252 848 4318 καὶ
860 4249 962 4338 δοραὶ
974 4251 1106 4339 τράγον
1119 4254 1178 4322 καὶ
1198 4253 1406 4340 ὀρθότριχες
1419 4253 1477 4320 ἐπὶ

283 4381 359 4464 ταῖς
373 4377 546 4462 κεφαλαῖς
560 4375 687 4459 φόβαι,
703 4375 763 4442 καὶ
775 4371 843 4444 ὅσα
852 4374 986 4458 τούτοις
1000 4373 1116 4464 ὅμοια.
1129 4366 1225 4446 οὗτοι
1237 4375 1477 4444 κατέσκωπτον
