3284 5128
284 455 394 498 ¹curvus
655 437 706 498 bu
727 435 925 496 obbl'lortll
942 429 1098 496 tumult(

285 585 367 660 M·
395 583 609 648 emendandus
638 601 706 648 esse
734 583 879 646 videtur:
911 583 1026 646 cassiu’
1052 583 1136 644 coiu’
1165 591 1213 645 est
1235 581 1288 646 bic
1303 585 1481 664 *operarius

291 706 349 770 cir.
377 705 552 795 Schneider
575 705 615 770 de
641 706 729 768 bislu
757 725 789 786 p.
815 705 881 768 162.
935 705 1023 783 Quae
1048 704 1175 784 quidem
1203 705 1312 768 omnia
1338 723 1420 768 cum
1438 707 1481 768 ad

287 845 395 895 rursus
416 829 576 894 iaciendos
601 830 732 892 multum
752 828 925 890 adimueuti
948 827 1097 891 aberrent
1125 827 1350 908 efficerentque
1376 834 1413 890 ut
1434 829 1481 888 illi
1529 823 1535 838 ’

291 953 427 1015 sermoni
442 951 590 1014 ismiliari
609 960 703 1032 stquo
722 951 847 1032 plebeio
867 952 964 1020 multo
984 950 1147 1013 similiores
1165 947 1296 1026 fierent,
1317 957 1383 1014 tum
1402 947 1483 1014 nibil

286 1092 349 1138 uon
369 1075 428 1138 sibi
448 1076 604 1157 permisit,
627 1074 711 1155 quod
731 1074 842 1136 codem
859 1073 991 1137 iaceret.

269 1269 274 1278 ⁶
361 1201 439 1262 Nou
456 1216 518 1260 uuo
544 1197 640 1279 igitur
666 1199 735 1261 loco
762 1197 860 1261 verba
890 1195 1036 1280 rescidit,
1065 1196 1123 1258 cir.
1146 1197 1261 1259 busun.
1292 1198 1347 1277 Ep.
1370 1197 1407 1258 V.
1428 1195 1479 1258 dt.

287 1321 451 1397 „rescisso
471 1321 572 1384 disces
591 1335 779 1402 componere
802 1320 927 1384 nomine
950 1337 1091 1394 versum,
1118 1319 1217 1381 Lucili
1240 1319 1320 1382 ustis
1343 1319 1481 1380 imitator

289 1443 394 1520 eris‚”¹
411 1446 531 1507 Graeca
551 1443 667 1506 Latinis
686 1443 869 1517 immiscuit,
891 1442 988 1506 verbu
1009 1442 1149 1516 traiecit,
1173 1459 1235 1520 quo
1253 1441 1287 1502 in
1306 1441 1381 1503 vitio
1402 1441 1481 1504 essi·

286 1565 368 1628 duus
393 1566 468 1642 suit,
496 1567 539 1629 ito
565 1573 601 1628 ut
623 1567 748 1647 saepius
774 1584 883 1629 versus
910 1565 1115 1646 incomposito
1138 1564 1420 1645 percenserent,
1444 1573 1481 1628 et

287 1706 344 1770 per
370 1689 507 1752 salebras
540 1689 664 1768 altaque
691 1705 764 1751 saxo
793 1688 943 1752 caderent
954 1710 963 1762 ;
994 1695 1159 1769 praeterea
1188 1703 1335 1751 cassurus
1364 1687 1478 1762 omisit,

184 1847 188 1856 .
285 1813 375 1875 ouius
402 1813 449 1874 rei
475 1819 521 1874 tot
547 1811 691 1891 exempla
717 1811 1016 1891 sunt‚1utsiugulu
1046 1807 1176 1873 laudare
1196 1810 1319 1873 uousit
1337 1827 1478 1873 necesse.

288 1935 349 1997 Sed
362 1911 626 2014 verbaquaedam
646 1934 690 1994 ita
709 1932 838 1996 rescidit
857 1941 892 1995 ut
911 1935 1011 1996 altera
1030 1951 1104 2014 pars
1123 1934 1220 2013 'priori
1239 1934 1360 2008 versui,
1381 1933 1480 1996 altera

287 2054 431 2136 sequenti
451 2055 684 2118 'adscriberetur
703 2054 762 2117 oir.
784 2057 822 2116 V.
846 2057 874 2130 l,
896 2056 926 2116 ὅ.

405 2181 482 2241 Pars
503 2177 679 2252 bominum,
700 2184 736 2239 ut
754 2177 884 2258 periisse
904 2178 979 2241 vclis
1000 2211 1032 2226 ·-
1055 2188 1148 2258 quem
1168 2178 1270 2241 visere
1289 2178 1401 2242 uolve:

404 2301 457 2363 ilis
477 2319 548 2362 cum
571 2299 727 2362 debueris.
750 2298 811 2362 boo
831 2302 889 2362 Nol
901 2308 991 2364 --cl
1010 2301 1157 2364 debueris
1176 2309 1257 2364 te·-

403 2424 435 2484 Si
453 2423 549 2484 miuu'
569 2422 721 2498 delectat,
744 2423 827 2511 quod
848 2421 994 2510 ἄτεχνον
1014 2424 1194 2487 Isocratium
1216 2431 1264 2487 est
1283 2418 1327 2488 0-

400 2540 654 2627 Χληρῶδεςᾳυθ
674 2546 765 2608 simul
785 2551 848 2608 eto‘

290 2669 370 2754 Vlll.
390 2670 420 2732 8.
442 2669 559 2731 Verum
578 2677 613 2732 st
632 2677 828 2732 mercaturae
848 2687 956 2732 omnes
974 2676 1007 2731 et
1025 2669 1210 2749 quaesticuli
1231 2669 1452 2734 insti—‘Tuti'

365 2793 460 2853 biulto
480 2791 692 2887 irequeutiora
719 2800 792 2854 suut
816 2792 885 2854 loca
912 2792 1005 2855 otiam
1031 2792 1115 2874 apud
1141 2793 1272 2874 optimos
1289 2796 1408 2874 'poetas
1427 2793 1482 2855 ubi

285 2922 429 2978 extrema
444 2914 567 2994 syllaba
586 2915 802 2978 antecedentis
821 2928 932 2978 vorsus
950 2933 1022 2978 cam
1041 2919 1142 2998 primo
1159 2917 1310 2982 vocabulo
1323 2917 1483 2997 sequentis

286 3038 320 3100 in
340 3043 440 3098 unam'
454 3037 605 3117 syllabam
626 3037 780 3100 coalescit
791 3037 886 3100 xvu.
906 3040 934 3100 7.

446 3203 453 3221 .
497 3201 509 3220 r
547 3201 556 3220 .
599 3205 607 3223 .
641 3177 761 3241 ‘magua
779 3177 849 3224 ossa
870 3161 1042 3243 lacertique

442 3283 604 3363 apparent
621 3281 751 3346 bomini.
823 3313 826 3318 ·

281 3405 381 3486 Quod
400 3405 549 3488 Virgilius
568 3405 706 3470 imitatus
725 3412 774 3469 est
794 3408 872 3470 Aer.
894 3408 932 3470 V.
953 3407 1022 3471 iit).
1059 3409 1100 3498 ‘lit
1119 3423 1249 3489 msguos
1271 3407 1480 3473 membrorum

289 3537 378 3593 artus
397 3545 509 3612 magua
530 3548 598 3594 ossa
617 3531 814 3610 incertusque
834 3531 926 3592 Exuit
945 3537 1007 3593 etc.
1040 3529 1102 3593 Sed
1122 3549 1193 3592 cum
1212 3533 1331 3594 Lucilio
1342 3533 1480 3598 solemus

286 3653 339 3725 sit,
358 3652 464 3714 verbis
477 3654 616 3715 rescissis
629 3671 738 3716 vorsus
751 3655 955 3734 coniungere,
971 3651 1136 3716 admodum
1150 3653 1314 3734 probabile
1331 3654 1367 3724 fit
1387 3657 1481 3719 etiam

286 3772 353 3834 Lib.
375 3774 413 3834 X.
435 3773 475 3836 ir.
496 3773 593 3846 verba
613 3775 658 3837 ito
678 3793 746 3838 csse
769 3776 996 3860 disiuugoudo:

1041 3905 1044 3914 ’
1137 3902 1202 3962 lio·

442 4020 558 4083 Nurum
579 4028 626 4084 est
643 4021 791 4086 iudicium
812 4024 933 4088 crassis
947 4023 994 4086 uti
1014 4022 1194 4104 scripsimus
1209 4029 1293 4088 suto.
1326 4059 1328 4070 ι
1460 4033 1464 4040 ’

287 4150 321 4205 et
338 4141 448 4208 XXiX.
468 4145 499 4206 5.
522 4144 583 4223 Qui
602 4143 679 4206 mibi
698 4151 851 4226 quantum
869 4146 1019 4216 estsintcr
1037 4144 1207 4209 humanum
1228 4165 1328 4229 genus
1347 4147 1430 4210 ioruss

518 4269 660 4350 llumque
679 4277 712 4334 et
731 4271 815 4332 iuter
833 4287 867 4333 se
890 4269 1053 4351 coniugam,
1072 4270 1293 4339 communicat.
