3286 5126
274 425 365 486 ravin
601 407 703 476 QUAE
720 405 948 466 Laerttanatt
967 405 1141 466 saiw-AR

275 554 431 636 expressis
449 551 554 616 verbis
574 551 649 630 quid
668 552 751 620 inter
770 553 911 614 Latinam
929 551 1103 614 Atellanam
1123 557 1157 614 et
1176 551 1328 618 Graecam
1350 556 1469 635 Satyris
1499 573 1503 582 ·

275 695 345 742 cam
364 675 511 750 intersit,
528 675 764 748 animadvertit,
785 675 868 754 quod
888 673 922 736 in
941 674 1082 754 satyrica
1102 673 1169 736 lere
1189 678 1372 754 satyrorum
1391 693 1467 758 per.

275 815 370 860 sonae
390 797 590 871 inducantur,
612 803 668 860 aut
685 797 712 858 si
727 813 811 878 quae
827 797 894 874 'sint
913 794 1064 858 ridiculae
1086 795 1201 860 similes
1213 797 1346 878 Satyris,
1368 768 1467 860 Auto-

275 920 364 994 licua,
379 920 504 982 burris:
526 920 559 982 iu
573 920 717 994 Atellana,
728 918 828 980 Oscae
848 934 1017 998 personae,
1038 917 1249 981 ut·lllaccus.”
1290 917 1351 980 Sed
1369 922 1468 989 maior

276 1041 370 1106 etiam
389 1040 485 1112 tuisse
505 1041 630 1107 videtur
649 1041 733 1107 inter
751 1047 890 1104 veterem
910 1042 1001 1105 illam·
1017 1044 1159 1105 Saturum
1179 1047 1213 1104 et
1229 1041 1337 1104 drama
1357 1045 1469 1124 satyri-

275 1177 347 1228 curu
366 1163 554 1238 similitudo3
579 1169 614 1224 ut
639 1164 822 1244 Dionysium
851 1181 913 1226 non
945 1181 1064 1227 errasse
1084 1163 1276 1243 putaverim,
1298 1164 1352 1242 qui
1371 1166 1468 1226 salta·

276 1292 360 1348 tores
386 1303 458 1348 cum
488 1285 599 1350 Silenis
625 1291 657 1348 et
682 1286 800 1366 Satyris
829 1286 1076 1366 comparaverim
1107 1285 1274 1349 dummodo
1303 1286 1377 1348 iude
1405 1305 1469 1350 uon

276 1408 450 1488 colligatur,
475 1409 544 1470 illos
564 1425 582 1470 a
602 1408 705 1500 Cumis
723 1425 791 1478 esee
810 1409 925 1488 petitos
949 1407 1007 1470 cir.
1030 1408 1139 1474 llt'rller
1160 1403 1283 1470 Etruslt.
1306 1409 1357 1470 lV.
1381 1409 1468 1470 l-tir

277 1531 322 1610 lix
341 1529 484 1592 omnibus
501 1494 608 1611 igitur,
630 1547 718 1609 quae*
731 1528 835 1592 adhuc
856 1530 1100 1612 disputavimus,
1128 1531 1160 1592 id
1182 1529 1285 1612 colligi
1304 1505 1393 1610 posse
1418 1531 1467 1592 vi-

276 1651 380 1732 detur,
400 1663 540 1716 veterem
562 1652 647 1716 illam
670 1659 825 1726 saturam,
853 1651 1126 1732 quamvisrudem
1147 1659 1241 1732 atque
1266 1651 1470 1728 inconditam,

276 1782 381 1840 tamen
398 1791 417 1836 a
435 1774 518 1837 ludis
530 1776 662 1838 scenicis
682 1792 744 1838 nou
764 1773 895 1852 maritum
909 1773 1067 1846 abluisse3
1088 1774 1146 1856 sed
1165 1774 1206 1838 ad
1223 1775 1377 1838 maiorem
1397 1793 1471 1854 per-

277 1897 449 1968 fectionem·
472 1915 536 1978 non¹
558 1898 755 1980 parvenisse,
786 1897 869 1976 quod
896 1904 929 1959 et
954 1865 1187 1976 risui'iocoque
1214 1897 1316 1958 soluto
1337 1897 1470 1961 multum

277 2017 424 2090 studebat
444 2026 476 2080 et
495 2007 658 2082 scurrilem
678 2019 876 2085 dicacitatem
900 2019 990 2082 nimis
1010 2017 1177 2090 affectabat
1188 2037 1197 2091 ς
1215 2019 1302 2082 Serv.
1323 2018 1363 2082 ad
1380 2018 1470 2100 virg,

278 2141 528 2222 deceptibili.
560 2156 720 2216 „necesse
746 2140 829 2212 enim
859 2147 928 2202 erat
952 2159 1009 2220 pro
1034 2141 1155 2204 radone
1181 2158 1340 2204 sacrorum
1368 2141 1472 2220 aliqua

276 2263 402 2326 ludicra
423 2269 456 2324 et
476 2264 582 2343 turpia
609 2262 693 2338 lieri,
715 2263 828 2344 quihus
853 2271 957 2343 posset
979 2265 1094 2344 populo
1118 2263 1199 2328 daus
1224 2265 1374 2330 moveri.'’
1413 2263 1474 2328 Sed

279 2386 384 2450 nescio
412 2403 452 2446 au
478 2386 577 2464 magis
605 2386 699 2448 etiam
726 2386 829 2465 poesis
858 2385 960 2448 studio
989 2385 1129 2449 olfecerit
1153 2385 1376 2448 sententiosum
1394 2385 1474 2448 illud

278 2505 422 2568 dictionis
434 2523 551 2586 genus,
573 2508 658 2588 quod
675 2507 853 2572 salubribus
871 2507 1049 2588 praeceptis
1062 2506 1157 2568 vitam
1168 2507 1324 2569 instruere
1344 2507 1475 2586 gaudet,
1502 2575 1508 2586 ⁸

277 2628 342 2691 sive
363 2629 479 2692 rustica
499 2631 551 2692 illa
569 2638 662 2712 atque
683 2631 843 2692 abnormis
856 2629 1008 2710 sapientia
1028 2629 1194 2708 crassaque
1214 2627 1369 2702 Minerva,
1392 2646 1475 2707 quae

278 2752 381 2820 omnia
402 2752 443 2814 ad
464 2753 548 2817 vitae
568 2753 741 2818 commanis
761 2752 922 2816 commoda
949 2759 1044 2832 atqoe
1070 2751 1235 2817 utilitatem
1258 2749 1373 2824 refert,
1401 2751 1473 2813 ani·

277 2891 362 2939 rrum
395 2876 488 2944 altius
522 2877 648 2938 evolare
687 2893 750 2938 non
780 2876 872 2949 sinit,
908 2869 1101 2954 semperque,
1130 2890 1236 2938 rerum
1267 2869 1474 2946 humanarum

278 2995 455 3078 tragilitatis
474 2996 631 3065 admonet.
718 3049 722 3056 ,

359 3119 452 3182 Cuius
465 3119 734 3198 quidem-tantum
753 3117 889 3184 studium
908 3119 1054 3188 Romanis
1069 3118 1146 3192 luit,
1168 3118 1284 3198 quippe
1297 3116 1383 3197 apud
1396 3133 1478 3198 quos

279 3257 342 3302 ucu
357 3241 457 3302 solum
470 3241 681 3305 iurisconsulti
701 3240 896 3320 quaerebant
915 3241 965 3302 cui
986 3240 1086 3302 bono?
1106 3246 1218 3302 utnon
1232 3239 1323 3302 modo
1336 3246 1473 3314 saturae,

280 3364 440 3442 Atellanae
466 3369 498 3426 et
524 3363 610 3426 mirri
636 3363 676 3424 ob
706 3361 786 3426 haec
812 3369 983 3444 praecepta
1006 3362 1199 3442 potissimum
1219 3361 1380 3426 celebrata
1400 3361 1475 3440 sint,

279 3487 335 3550 sod
354 3487 451 3568 ipsius
470 3491 609 3550 Senecae
628 3485 745 3567 scripta
767 3504 804 3548 eo
832 3487 976 3571 inprimis
997 3493 1118 3548 tantum
1138 3486 1282 3564 plausum
1300 3486 1407 3558 tulisse
1428 3483 1480 3556 vi·‚

280 3610 424 3686 deantm,
450 3611 533 3690 quod
555 3611 621 3682 eius
645 3611 744 3672 oratio
763 3611 868 3674 multis
888 3609 1019 3672 concisis
1038 3607 1201 3670 sententiis
1217 3625 1287 3675 cum
1309 3607 1475 3682 brevitate,

280 3737 346 3792 tum
367 3731 461 3792 nimio
481 3732 624 3794 acumine
644 3732 853 3802 subobscuris
880 3733 939 3794 fuit
969 3730 1173 3794 ornatissima.
1213 3732 1259 3792 lta
1285 3725 1477 3794 factumest

280 3859 316 3914 ut
333 3862 437 3915 satura
457 3853 510 3916 illa
530 3853 760 3933 antiquissima,
793 3855 1015 3919 cummanum
1039 3853 1315 3915 commendationis
1341 3850 1477 3914 haberet

281 3982 410 4055 propter
430 3976 588 4040 scenicum
611 3983 824 4058 apparatum,
837 3995 907 4039 cum
928 3978 992 4038 risu
1012 3978 1112 4038 soluto
1139 3984 1232 4056 atque
1262 3975 1338 4036 iocis
1366 3975 1477 4036 incon-

283 4096 357 4158 ditis
377 4097 495 4160 animos
514 4099 720 4174 exhilararet,
742 4116 831 4174 cum,
853 4099 1054 4178 quantumin
1075 4105 1160 4161 tanta
1174 4115 1294 4161 morum
1308 4097 1477 4177 asperitate

283 4216 352 4280 lieri
371 4219 488 4297 potuit,
502 4220 549 4285 de
570 4221 660 4284 bonis
679 4220 774 4284 rebus
794 4227 826 4284 et
844 4221 944 4296 ruatis,
969 4220 1008 4284 de
1024 4221 1087 4284 vita
1100 4229 1134 4286 et
1152 4221 1289 4282 moribus
1302 4220 1478 4300 disputaret

284 4349 316 4418 et
334 4339 493 4408 bominum
512 4344 684 4408 commodis
699 4351 793 4428 atque
808 4344 935 4410 utilitati
954 4345 1102 4422 serviret,
1122 4343 1246 4408 rusticis
1258 4341 1318 4406 illis
1331 4342 1482 4440 Romanis
