<?xml version="1.0" encoding="UTF-8"?>
<!DOCTYPE html PUBLIC "-//W3C//DTD XHTML 1.0 Transitional//EN"
    "http://www.w3.org/TR/xhtml1/DTD/xhtml1-transitional.dtd">
<html xmlns="http://www.w3.org/1999/xhtml" xml:lang="en" lang="en">
 <head>
  <title>
</title>
<meta http-equiv="Content-Type" content="text/html;charset=utf-8" />
  <meta name='ocr-system' content='tesseract 3.04.00' />
  <meta name='ocr-capabilities' content='ocr_page ocr_carea ocr_par ocr_line ocrx_word'/>
</head>
<body>
  <div class='ocr_page' id='page_1' title='image "./cluciliisaturar00lucigoog_0239.png"; bbox 0 0 3274 5134; ppageno 0'>
   <div class='ocr_carea' id='block_1_1' title="bbox 267 371 1077 454">
    <p class='ocr_par' dir='ltr' id='par_1_1' title="bbox 267 371 1077 454">
     <span class='ocr_line' id='line_1_1' title="bbox 267 371 1077 454; baseline -0.001 -10"><span class='ocrx_word' id='word_1_1' title='bbox 267 371 309 444; x_wconf 76' lang='lat' dir='ltr'><strong>ot&#39;</strong></span> <span class='ocrx_word' id='word_1_2' title='bbox 612 439 615 447; x_wconf 84' lang='lat'><strong>.</strong></span> <span class='ocrx_word' id='word_1_3' title='bbox 640 383 689 446; x_wconf 84' lang='lat' dir='ltr'><strong>.G.</strong></span> <span class='ocrx_word' id='word_1_4' title='bbox 709 379 848 445; x_wconf 68' lang='lat' dir='ltr'><strong>Lucam</strong></span> <span class='ocrx_word' id='word_1_5' title='bbox 869 381 1077 454; x_wconf 72' lang='lat' dir='ltr'><strong>nullodum</strong></span> 
     </span>
    </p>
   </div>
   <div class='ocr_carea' id='block_1_2' title="bbox 288 528 1298 2095">
    <p class='ocr_par' dir='ltr' id='par_1_2' title="bbox 288 528 1298 730">
     <span class='ocr_line' id='line_1_2' title="bbox 288 528 1298 614; baseline -0.002 -20"><span class='ocrx_word' id='word_1_6' title='bbox 288 533 317 594; x_wconf 85' lang='grc'><strong>3.</strong></span> <span class='ocrx_word' id='word_1_7' title='bbox 343 531 408 608; x_wconf 88' lang='lat' dir='ltr'><strong>Qui</strong></span> <span class='ocrx_word' id='word_1_8' title='bbox 424 530 504 597; x_wconf 91' lang='lat' dir='ltr'><strong>mihi</strong></span> <span class='ocrx_word' id='word_1_9' title='bbox 532 536 684 614; x_wconf 83' lang='lat' dir='ltr'><strong>quantum</strong></span> <span class='ocrx_word' id='word_1_10' title='bbox 713 535 763 596; x_wconf 88' lang='lat' dir='ltr'><strong>est</strong></span> <span class='ocrx_word' id='word_1_11' title='bbox 786 530 871 598; x_wconf 86' lang='lat' dir='ltr'><strong>inter</strong></span> <span class='ocrx_word' id='word_1_12' title='bbox 896 531 1072 608; x_wconf 72' lang='lat' dir='ltr'><strong>humanum</strong></span> <span class='ocrx_word' id='word_1_13' title='bbox 1093 544 1194 613; x_wconf 75' lang='lat' dir='ltr'><strong>genus</strong></span> <span class='ocrx_word' id='word_1_14' title='bbox 1215 528 1298 594; x_wconf 82' lang='lat' dir='ltr'><strong>iera·</strong></span> 
     </span>
     <span class='ocr_line' id='line_1_3' title="bbox 343 645 1138 730; baseline -0.001 -22"><span class='ocrx_word' id='word_1_15' title='bbox 343 665 480 730; x_wconf 88' lang='lat' dir='ltr'><strong>rumque</strong></span> <span class='ocrx_word' id='word_1_16' title='bbox 502 651 535 709; x_wconf 90' lang='lat' dir='ltr'><strong>et</strong></span> <span class='ocrx_word' id='word_1_17' title='bbox 554 646 638 711; x_wconf 86' lang='lat' dir='ltr'><strong>inter</strong></span> <span class='ocrx_word' id='word_1_18' title='bbox 657 665 692 710; x_wconf 91' lang='lat' dir='ltr'><strong>se</strong></span> <span class='ocrx_word' id='word_1_19' title='bbox 716 645 891 727; x_wconf 68' lang='lat' dir='ltr'><strong>coniugat,</strong></span> <span class='ocrx_word' id='word_1_20' title='bbox 912 645 1138 710; x_wconf 75' lang='lat' dir='ltr'><strong>communicat.</strong></span> 
     </span>
    </p>

    <p class='ocr_par' dir='ltr' id='par_1_3' title="bbox 288 758 1240 960">
     <span class='ocr_line' id='line_1_4' title="bbox 288 758 1240 845; baseline -0.004 -21"><span class='ocrx_word' id='word_1_21' title='bbox 288 763 318 824; x_wconf 79' lang='lat' dir='ltr'><strong>l.</strong></span> <span class='ocrx_word' id='word_1_22' title='bbox 342 760 459 844; x_wconf 79' lang='lat' dir='ltr'>Apollo</span> <span class='ocrx_word' id='word_1_23' title='bbox 480 766 510 824; x_wconf 91' lang='lat' dir='ltr'><strong>st</strong></span> <span class='ocrx_word' id='word_1_24' title='bbox 531 779 669 835; x_wconf 85' lang='lat' dir='ltr'><strong>numen,</strong></span> <span class='ocrx_word' id='word_1_25' title='bbox 692 760 748 845; x_wconf 91' lang='lat' dir='ltr'><strong>qui</strong></span> <span class='ocrx_word' id='word_1_26' title='bbox 767 764 799 824; x_wconf 83' lang='lat' dir='ltr'><strong>to</strong></span> <span class='ocrx_word' id='word_1_27' title='bbox 820 759 967 843; x_wconf 72' lang='lat' dir='ltr'><strong>antiquis,</strong></span> <span class='ocrx_word' id='word_1_28' title='bbox 980 777 1047 822; x_wconf 91' lang='lat' dir='ltr'><strong>non</strong></span> <span class='ocrx_word' id='word_1_29' title='bbox 1067 758 1151 825; x_wconf 87' lang='lat' dir='ltr'><strong>sinet</strong></span> <span class='ocrx_word' id='word_1_30' title='bbox 1219 789 1240 830; x_wconf 63' lang='grc' dir='ltr'><strong>μ</strong></span> 
     </span>
     <span class='ocr_line' id='line_1_5' title="bbox 344 873 1206 960; baseline -0.005 -22"><span class='ocrx_word' id='word_1_31' title='bbox 344 875 484 938; x_wconf 84' lang='lat' dir='ltr'><strong>Deliacis</strong></span> <span class='ocrx_word' id='word_1_32' title='bbox 503 875 666 941; x_wconf 83' lang='lat' dir='ltr'><strong>maculam</strong></span> <span class='ocrx_word' id='word_1_33' title='bbox 685 880 781 958; x_wconf 84' lang='lat' dir='ltr'><strong>atque</strong></span> <span class='ocrx_word' id='word_1_34' title='bbox 801 873 1009 960; x_wconf 75' lang='lat' dir='ltr'><strong>ignominiam</strong></span> <span class='ocrx_word' id='word_1_35' title='bbox 1029 874 1206 956; x_wconf 79' lang='lat' dir='ltr'><strong>imponere.</strong></span> 
     </span>
    </p>

    <p class='ocr_par' dir='ltr' id='par_1_4' title="bbox 289 987 1231 1169">
     <span class='ocr_line' id='line_1_6' title="bbox 289 987 1231 1071; baseline 0 -17"><span class='ocrx_word' id='word_1_36' title='bbox 289 993 318 1054; x_wconf 83' lang='lat'><strong>5.</strong></span> <span class='ocrx_word' id='word_1_37' title='bbox 343 991 475 1054; x_wconf 88' lang='lat' dir='ltr'><strong>Deierat</strong></span> <span class='ocrx_word' id='word_1_38' title='bbox 494 987 579 1052; x_wconf 86' lang='lat' dir='ltr'><strong>enim</strong></span> <span class='ocrx_word' id='word_1_39' title='bbox 600 988 769 1071; x_wconf 78' lang='lat' dir='ltr'><strong>scripsisse</strong></span> <span class='ocrx_word' id='word_1_40' title='bbox 791 991 822 1054; x_wconf 87' lang='lat' dir='ltr'><strong>et</strong></span> <span class='ocrx_word' id='word_1_41' title='bbox 841 992 917 1071; x_wconf 84' lang='lat' dir='ltr'><strong>post</strong></span> <span class='ocrx_word' id='word_1_42' title='bbox 935 1007 1001 1053; x_wconf 91' lang='lat' dir='ltr'><strong>non</strong></span> <span class='ocrx_word' id='word_1_43' title='bbox 1021 988 1231 1071; x_wconf 83' lang='lat' dir='ltr'><strong>scriptorum,</strong></span> 
     </span>
     <span class='ocr_line' id='line_1_7' title="bbox 345 1103 790 1169; baseline 0 -3"><span class='ocrx_word' id='word_1_44' title='bbox 345 1105 461 1168; x_wconf 83' lang='lat' dir='ltr'><strong>Redire</strong></span> <span class='ocrx_word' id='word_1_45' title='bbox 482 1104 516 1168; x_wconf 86' lang='lat' dir='ltr'><strong>in</strong></span> <span class='ocrx_word' id='word_1_46' title='bbox 540 1103 790 1169; x_wconf 76' lang='lat' dir='ltr'><strong>consortionem.</strong></span> 
     </span>
    </p>

    <p class='ocr_par' dir='ltr' id='par_1_5' title="bbox 289 1217 1104 1300">
     <span class='ocr_line' id='line_1_8' title="bbox 289 1217 1104 1300; baseline -0.005 -18"><span class='ocrx_word' id='word_1_47' title='bbox 289 1221 319 1282; x_wconf 84' lang='grc'><strong>5.</strong></span> <span class='ocrx_word' id='word_1_48' title='bbox 346 1217 426 1282; x_wconf 85' lang='lat' dir='ltr'><strong>Cum</strong></span> <span class='ocrx_word' id='word_1_49' title='bbox 449 1217 654 1300; x_wconf 82' lang='lat' dir='ltr'><strong>cognoveris,</strong></span> <span class='ocrx_word' id='word_1_50' title='bbox 675 1217 772 1281; x_wconf 84' lang='lat' dir='ltr'><strong>vitam</strong></span> <span class='ocrx_word' id='word_1_51' title='bbox 793 1218 862 1280; x_wconf 88' lang='lat' dir='ltr'><strong>sine</strong></span> <span class='ocrx_word' id='word_1_52' title='bbox 887 1236 962 1280; x_wconf 88' lang='lat' dir='ltr'><strong>cura</strong></span> <span class='ocrx_word' id='word_1_53' title='bbox 983 1217 1104 1298; x_wconf 77' lang='lat' dir='ltr'><strong>exigas.</strong></span> 
     </span>
    </p>

    <p class='ocr_par' dir='ltr' id='par_1_6' title="bbox 293 1319 1160 1414">
     <span class='ocr_line' id='line_1_9' title="bbox 293 1319 1160 1414; baseline 0.002 -19"><span class='ocrx_word' id='word_1_54' title='bbox 293 1337 324 1396; x_wconf 82' lang='lat'><strong>7.</strong></span> <span class='ocrx_word' id='word_1_55' title='bbox 350 1335 444 1397; x_wconf 79' lang='lat' dir='ltr'><strong>Anno</strong></span> <span class='ocrx_word' id='word_1_56' title='bbox 464 1339 606 1397; x_wconf 87' lang='lat' dir='ltr'><strong>verton-te</strong></span> <span class='ocrx_word' id='word_1_57' title='bbox 627 1331 697 1395; x_wconf 90' lang='lat' dir='ltr'><strong>dies</strong></span> <span class='ocrx_word' id='word_1_58' title='bbox 717 1319 789 1394; x_wconf 83' lang='lat' dir='ltr'><strong>tetri</strong></span> <span class='ocrx_word' id='word_1_59' title='bbox 809 1332 917 1394; x_wconf 85' lang='lat' dir='ltr'><strong>miseri</strong></span> <span class='ocrx_word' id='word_1_60' title='bbox 942 1351 979 1396; x_wconf 86' lang='lat' dir='ltr'><strong>ac</strong></span> <span class='ocrx_word' id='word_1_61' title='bbox 1000 1331 1160 1414; x_wconf 81' lang='lat' dir='ltr'><strong>religiosi.</strong></span> 
     </span>
    </p>

    <p class='ocr_par' dir='ltr' id='par_1_7' title="bbox 291 1445 1250 1880">
     <span class='ocr_line' id='line_1_10' title="bbox 291 1445 1176 1520; baseline -0.005 -8"><span class='ocrx_word' id='word_1_62' title='bbox 291 1451 321 1512; x_wconf 90' lang='lat'><strong>8.</strong></span> <span class='ocrx_word' id='word_1_63' title='bbox 346 1451 386 1512; x_wconf 86' lang='lat' dir='ltr'><strong>Et</strong></span> <span class='ocrx_word' id='word_1_64' title='bbox 405 1448 533 1512; x_wconf 87' lang='lat' dir='ltr'><strong>amabat</strong></span> <span class='ocrx_word' id='word_1_65' title='bbox 555 1466 687 1510; x_wconf 86' lang='lat' dir='ltr'><strong>omnes:</strong></span> <span class='ocrx_word' id='word_1_66' title='bbox 709 1465 784 1514; x_wconf 86' lang='lat' dir='ltr'><strong>nam</strong></span> <span class='ocrx_word' id='word_1_67' title='bbox 807 1445 977 1510; x_wconf 85' lang='lat' dir='ltr'><strong>discrimen</strong></span> <span class='ocrx_word' id='word_1_68' title='bbox 997 1464 1062 1509; x_wconf 89' lang='lat' dir='ltr'><strong>non</strong></span> <span class='ocrx_word' id='word_1_69' title='bbox 1084 1445 1176 1520; x_wconf 83' lang='lat' dir='ltr'><strong>lacit,</strong></span> 
     </span>
     <span class='ocr_line' id='line_1_11' title="bbox 339 1560 789 1648; baseline -0.002 -23"><span class='ocrx_word' id='word_1_70' title='bbox 339 1563 454 1648; x_wconf 90' lang='lat' dir='ltr'><strong>Neque</strong></span> <span class='ocrx_word' id='word_1_71' title='bbox 472 1561 577 1644; x_wconf 86' lang='lat' dir='ltr'><strong>signat</strong></span> <span class='ocrx_word' id='word_1_72' title='bbox 597 1560 682 1625; x_wconf 88' lang='lat' dir='ltr'><strong>linea</strong></span> <span class='ocrx_word' id='word_1_73' title='bbox 703 1561 789 1626; x_wconf 83' lang='lat' dir='ltr'><strong>alba.</strong></span> 
     </span>
     <span class='ocr_line' id='line_1_12' title="bbox 345 1675 1250 1756; baseline 0 -16"><span class='ocrx_word' id='word_1_74' title='bbox 345 1677 396 1740; x_wconf 88' lang='lat' dir='ltr'><strong>Sic</strong></span> <span class='ocrx_word' id='word_1_75' title='bbox 417 1678 566 1741; x_wconf 79' lang='lat' dir='ltr'><strong>Socrates</strong></span> <span class='ocrx_word' id='word_1_76' title='bbox 585 1677 766 1753; x_wconf 76' lang='lat' dir='ltr'><strong>inamorc,</strong></span> <span class='ocrx_word' id='word_1_77' title='bbox 789 1682 822 1740; x_wconf 89' lang='lat' dir='ltr'><strong>ot</strong></span> <span class='ocrx_word' id='word_1_78' title='bbox 841 1676 874 1742; x_wconf 89' lang='lat' dir='ltr'><strong>in</strong></span> <span class='ocrx_word' id='word_1_79' title='bbox 897 1675 1150 1756; x_wconf 80' lang='lat' dir='ltr'><strong>adolescentulis</strong></span> <span class='ocrx_word' id='word_1_80' title='bbox 1247 1727 1250 1730; x_wconf 89' lang='lat'><strong>.</strong></span> 
     </span>
     <span class='ocr_line' id='line_1_13' title="bbox 345 1790 1128 1880; baseline -0.006 -22"><span class='ocrx_word' id='word_1_81' title='bbox 345 1793 478 1858; x_wconf 85' lang='lat' dir='ltr'><strong>Meliore</strong></span> <span class='ocrx_word' id='word_1_82' title='bbox 498 1792 601 1876; x_wconf 85' lang='lat' dir='ltr'><strong>paulo.</strong></span> <span class='ocrx_word' id='word_1_83' title='bbox 617 1790 700 1855; x_wconf 86' lang='lat' dir='ltr'><strong>lacie</strong></span> <span class='ocrx_word' id='word_1_84' title='bbox 722 1790 846 1875; x_wconf 71' lang='lat' dir='ltr'><strong>signat,</strong></span> <span class='ocrx_word' id='word_1_85' title='bbox 866 1791 1011 1880; x_wconf 76' lang='lat' dir='ltr'><strong>nihilque</strong></span> <span class='ocrx_word' id='word_1_86' title='bbox 1033 1797 1128 1854; x_wconf 87' lang='lat' dir='ltr'><strong>amat.</strong></span> 
     </span>
    </p>

    <p class='ocr_par' dir='ltr' id='par_1_8' title="bbox 289 1905 1058 2095">
     <span class='ocr_line' id='line_1_14' title="bbox 289 1905 1007 1994; baseline -0.008 -24"><span class='ocrx_word' id='word_1_87' title='bbox 289 1909 322 1970; x_wconf 33' lang='lat'><strong>¹9.</strong></span> <span class='ocrx_word' id='word_1_88' title='bbox 348 1941 383 1954; x_wconf 95' lang='lat'><em>-</em></span> <span class='ocrx_word' id='word_1_89' title='bbox 397 1907 502 1969; x_wconf 83' lang='lat' dir='ltr'><strong>-Tu</strong></span> <span class='ocrx_word' id='word_1_90' title='bbox 524 1907 579 1994; x_wconf 88' lang='lat' dir='ltr'><strong>qui</strong></span> <span class='ocrx_word' id='word_1_91' title='bbox 602 1907 686 1970; x_wconf 87' lang='lat' dir='ltr'><strong>irem</strong></span> <span class='ocrx_word' id='word_1_92' title='bbox 704 1905 854 1992; x_wconf 75' lang='lat' dir='ltr'><strong>indulges</strong></span> <span class='ocrx_word' id='word_1_93' title='bbox 878 1906 1007 1976; x_wconf 85' lang='lat' dir='ltr'><strong>nimis‘l.</strong></span> 
     </span>
     <span class='ocr_line' id='line_1_15' title="bbox 346 2019 1058 2095; baseline -0.004 -11"><span class='ocrx_word' id='word_1_94' title='bbox 346 2023 460 2084; x_wconf 87' lang='lat' dir='ltr'><strong>Manus</strong></span> <span class='ocrx_word' id='word_1_95' title='bbox 484 2041 503 2086; x_wconf 86' lang='lat' dir='ltr'><strong>a</strong></span> <span class='ocrx_word' id='word_1_96' title='bbox 523 2021 658 2084; x_wconf 88' lang='lat' dir='ltr'><strong>muliere</strong></span> <span class='ocrx_word' id='word_1_97' title='bbox 680 2021 841 2095; x_wconf 82' lang='lat' dir='ltr'><strong>abstinere</strong></span> <span class='ocrx_word' id='word_1_98' title='bbox 862 2019 977 2084; x_wconf 88' lang='lat' dir='ltr'><strong>melius</strong></span> <span class='ocrx_word' id='word_1_99' title='bbox 1000 2025 1058 2082; x_wconf 87' lang='lat' dir='ltr'><strong>est.</strong></span> 
     </span>
    </p>
   </div>
   <div class='ocr_carea' id='block_1_3' title="bbox 269 2286 1470 4383">
    <p class='ocr_par' dir='ltr' id='par_1_9' title="bbox 269 2286 1469 2703">
     <span class='ocr_line' id='line_1_16' title="bbox 304 2286 1186 2350; baseline 0.003 -14"><span class='ocrx_word' id='word_1_100' title='bbox 304 2290 330 2337; x_wconf 88' lang='grc'><strong>5.</strong></span> <span class='ocrx_word' id='word_1_101' title='bbox 348 2289 411 2338; x_wconf 83' lang='lat' dir='ltr'><strong>Non.</strong></span> <span class='ocrx_word' id='word_1_102' title='bbox 429 2287 551 2349; x_wconf 68' lang='lat' dir='ltr'><strong>uasa.</strong></span> <span class='ocrx_word' id='word_1_103' title='bbox 575 2287 617 2348; x_wconf 74' lang='lat' dir='ltr'><strong>qul</strong></span> <span class='ocrx_word' id='word_1_104' title='bbox 633 2286 693 2336; x_wconf 75' lang='lat' dir='ltr'><strong>mill</strong></span> <span class='ocrx_word' id='word_1_105' title='bbox 709 2289 784 2338; x_wconf 84' lang='lat' dir='ltr'><strong>Dosa·</strong></span> <span class='ocrx_word' id='word_1_106' title='bbox 810 2301 849 2338; x_wconf 72' lang='lat' dir='ltr'><strong>ro</strong></span> <span class='ocrx_word' id='word_1_107' title='bbox 918 2289 943 2336; x_wconf 83' lang='grc'><strong>7.</strong></span> <span class='ocrx_word' id='word_1_108' title='bbox 965 2287 1028 2337; x_wconf 79' lang='lat' dir='ltr'><strong>Non.</strong></span> <span class='ocrx_word' id='word_1_109' title='bbox 1047 2287 1186 2350; x_wconf 69' lang='lat' dir='ltr'><strong>nasso.</strong></span> 
     </span>
     <span class='ocr_line' id='line_1_17' title="bbox 269 2372 1464 2442; baseline 0.003 -17"><span class='ocrx_word' id='word_1_110' title='bbox 269 2373 602 2438; x_wconf 75' lang='lat' dir='ltr'><strong>ruchew.1..t1s8.tt.</strong></span> <span class='ocrx_word' id='word_1_111' title='bbox 625 2372 747 2436; x_wconf 71' lang='lat' dir='ltr'><strong>serumque</strong></span> <span class='ocrx_word' id='word_1_112' title='bbox 764 2374 796 2426; x_wconf 82' lang='lat' dir='ltr'><strong>ci.</strong></span> <span class='ocrx_word' id='word_1_113' title='bbox 815 2376 855 2442; x_wconf 79' lang='lat' dir='ltr'><strong>ll.</strong></span> <span class='ocrx_word' id='word_1_114' title='bbox 916 2373 943 2422; x_wconf 88' lang='grc'><strong>8.</strong></span> <span class='ocrx_word' id='word_1_115' title='bbox 962 2373 1024 2424; x_wconf 81' lang='lat' dir='ltr'><strong>lion.</strong></span> <span class='ocrx_word' id='word_1_116' title='bbox 1042 2373 1142 2435; x_wconf 68' lang='lat' dir='ltr'><strong>um.</strong></span> <span class='ocrx_word' id='word_1_117' title='bbox 1157 2387 1180 2425; x_wconf 89' lang='lat' dir='ltr'><strong>a.</strong></span> <span class='ocrx_word' id='word_1_118' title='bbox 1202 2376 1240 2426; x_wconf 82' lang='lat' dir='ltr'><strong>Sic</strong></span> <span class='ocrx_word' id='word_1_119' title='bbox 1260 2381 1312 2426; x_wconf 82' lang='lat' dir='ltr'><strong>soe.</strong></span> <span class='ocrx_word' id='word_1_120' title='bbox 1334 2377 1373 2428; x_wconf 88' lang='lat' dir='ltr'><strong>W.</strong></span> <span class='ocrx_word' id='word_1_121' title='bbox 1392 2379 1418 2428; x_wconf 86' lang='lat' dir='ltr'><strong>Si</strong></span> <span class='ocrx_word' id='word_1_122' title='bbox 1436 2383 1464 2429; x_wconf 85' lang='lat' dir='ltr'><strong>S.</strong></span> 
     </span>
     <span class='ocr_line' id='line_1_18' title="bbox 269 2459 1465 2526; baseline 0.002 -12"><span class='ocrx_word' id='word_1_123' title='bbox 269 2475 351 2514; x_wconf 73' lang='lat' dir='ltr'><strong>mmm</strong></span> <span class='ocrx_word' id='word_1_124' title='bbox 362 2463 452 2524; x_wconf 78' lang='lat' dir='ltr'><strong>quedl.</strong></span> <span class='ocrx_word' id='word_1_125' title='bbox 471 2464 547 2516; x_wconf 78' lang='lat' dir='ltr'><strong>Dosa.</strong></span> <span class='ocrx_word' id='word_1_126' title='bbox 562 2461 771 2526; x_wconf 68' lang='lat' dir='ltr'><strong>contumelioso.</strong></span> <span class='ocrx_word' id='word_1_127' title='bbox 789 2475 849 2512; x_wconf 80' lang='lat' dir='ltr'><strong>roo-</strong></span> <span class='ocrx_word' id='word_1_128' title='bbox 881 2462 909 2510; x_wconf 80' lang='lat' dir='ltr'><strong>D.</strong></span> <span class='ocrx_word' id='word_1_129' title='bbox 930 2464 949 2514; x_wconf 92' lang='lat' dir='ltr'><strong>l.</strong></span> <span class='ocrx_word' id='word_1_130' title='bbox 964 2459 1040 2515; x_wconf 76' lang='lat' dir='ltr'><strong>l585.</strong></span> <span class='ocrx_word' id='word_1_131' title='bbox 1057 2463 1133 2512; x_wconf 79' lang='lat' dir='ltr'><strong>oum.</strong></span> <span class='ocrx_word' id='word_1_132' title='bbox 1160 2463 1188 2514; x_wconf 69' lang='lat' dir='ltr'><strong>si</strong></span> <span class='ocrx_word' id='word_1_133' title='bbox 1202 2464 1308 2514; x_wconf 71' lang='lat' dir='ltr'><strong>sorem</strong></span> <span class='ocrx_word' id='word_1_134' title='bbox 1325 2466 1465 2516; x_wconf 71' lang='lat' dir='ltr'><strong>amonem</strong></span> 
     </span>
     <span class='ocr_line' id='line_1_19' title="bbox 269 2549 1464 2616; baseline 0.003 -16"><span class='ocrx_word' id='word_1_135' title='bbox 269 2552 359 2614; x_wconf 68' lang='lat' dir='ltr'><strong>innuat</strong></span> <span class='ocrx_word' id='word_1_136' title='bbox 370 2550 848 2616; x_wconf 62' lang='lat' dir='ltr'><strong>communlmtqoeehapdlentindesse:</strong></span> <span class='ocrx_word' id='word_1_137' title='bbox 882 2550 916 2601; x_wconf 89' lang='lat' dir='ltr'><strong>al.</strong></span> <span class='ocrx_word' id='word_1_138' title='bbox 933 2563 975 2614; x_wconf 80' lang='lat' dir='ltr'><strong>ap.</strong></span> <span class='ocrx_word' id='word_1_139' title='bbox 993 2551 1085 2600; x_wconf 82' lang='lat' dir='ltr'><strong>Ducam</strong></span> <span class='ocrx_word' id='word_1_140' title='bbox 1102 2549 1136 2600; x_wconf 81' lang='lat' dir='ltr'><strong>al.</strong></span> <span class='ocrx_word' id='word_1_141' title='bbox 1154 2551 1181 2600; x_wconf 88' lang='lat' dir='ltr'><strong>iu</strong></span> <span class='ocrx_word' id='word_1_142' title='bbox 1197 2551 1306 2613; x_wconf 68' lang='lat' dir='ltr'><strong>momine</strong></span> <span class='ocrx_word' id='word_1_143' title='bbox 1323 2555 1343 2602; x_wconf 92' lang='lat' dir='ltr'><strong>l.</strong></span> <span class='ocrx_word' id='word_1_144' title='bbox 1362 2553 1464 2606; x_wconf 75' lang='lat' dir='ltr'><strong>sisocr.</strong></span> 
     </span>
     <span class='ocr_line' id='line_1_20' title="bbox 269 2637 1469 2703; baseline 0 -13"><span class='ocrx_word' id='word_1_145' title='bbox 269 2653 341 2702; x_wconf 77' lang='lat' dir='ltr'><strong>quum</strong></span> <span class='ocrx_word' id='word_1_146' title='bbox 358 2639 432 2700; x_wconf 70' lang='lat' dir='ltr'><strong>meu,</strong></span> <span class='ocrx_word' id='word_1_147' title='bbox 453 2642 571 2703; x_wconf 65' lang='lat' dir='ltr'><strong>uocatum</strong></span> <span class='ocrx_word' id='word_1_148' title='bbox 587 2642 623 2690; x_wconf 79' lang='lat' dir='ltr'><strong>ert</strong></span> <span class='ocrx_word' id='word_1_149' title='bbox 644 2641 708 2690; x_wconf 80' lang='lat' dir='ltr'><strong>tutor</strong></span> <span class='ocrx_word' id='word_1_150' title='bbox 724 2637 851 2692; x_wconf 64' lang='lat' dir='ltr'><strong>hominm</strong></span> <span class='ocrx_word' id='word_1_151' title='bbox 881 2641 917 2689; x_wconf 79' lang='lat' dir='ltr'><strong>ost</strong></span> <span class='ocrx_word' id='word_1_152' title='bbox 941 2639 970 2688; x_wconf 78' lang='lat' dir='ltr'><strong>tu</strong></span> <span class='ocrx_word' id='word_1_153' title='bbox 998 2650 1080 2687; x_wconf 83' lang='lat' dir='ltr'><strong>umore</strong></span> <span class='ocrx_word' id='word_1_154' title='bbox 1103 2639 1205 2689; x_wconf 75' lang='lat' dir='ltr'><strong>adolere.</strong></span> <span class='ocrx_word' id='word_1_155' title='bbox 1222 2653 1257 2692; x_wconf 75' lang='lat' dir='ltr'><strong>m.</strong></span> <span class='ocrx_word' id='word_1_156' title='bbox 1276 2653 1304 2703; x_wconf 76' lang='lat' dir='ltr'><strong>p.</strong></span> <span class='ocrx_word' id='word_1_157' title='bbox 1326 2640 1368 2703; x_wconf 76' lang='lat'><strong>{.,·</strong></span> <span class='ocrx_word' id='word_1_158' title='bbox 1394 2653 1424 2695; x_wconf 80' lang='lat' dir='ltr'><strong>or</strong></span> <span class='ocrx_word' id='word_1_159' title='bbox 1445 2643 1469 2690; x_wconf 75' lang='lat' dir='ltr'><strong>el</strong></span> 
     </span>
    </p>

    <p class='ocr_par' dir='ltr' id='par_1_10' title="bbox 271 2725 1468 2881">
     <span class='ocr_line' id='line_1_21' title="bbox 400 2725 1468 2800; baseline 0 -22"><span class='ocrx_word' id='word_1_160' title='bbox 400 2795 402 2800; x_wconf 14' lang='grc' dir='ltr'><strong><em>Α</em></strong></span> <span class='ocrx_word' id='word_1_161' title='bbox 548 2741 639 2792; x_wconf 69' lang='lat' dir='ltr'><strong>uenus,</strong></span> <span class='ocrx_word' id='word_1_162' title='bbox 657 2729 725 2792; x_wconf 73' lang='lat' dir='ltr'><strong>fore·</strong></span> <span class='ocrx_word' id='word_1_163' title='bbox 882 2725 946 2778; x_wconf 81' lang='lat' dir='ltr'><strong>utlttt</strong></span> <span class='ocrx_word' id='word_1_164' title='bbox 969 2741 996 2777; x_wconf 87' lang='lat' dir='ltr'><strong>o.</strong></span> <span class='ocrx_word' id='word_1_165' title='bbox 1018 2727 1050 2775; x_wconf 88' lang='lat' dir='ltr'><strong>ci.</strong></span> <span class='ocrx_word' id='word_1_166' title='bbox 1076 2729 1154 2778; x_wconf 79' lang='lat' dir='ltr'><strong>Gebh.</strong></span> <span class='ocrx_word' id='word_1_167' title='bbox 1179 2743 1207 2791; x_wconf 85' lang='lat' dir='ltr'><strong>p.</strong></span> <span class='ocrx_word' id='word_1_168' title='bbox 1228 2729 1274 2780; x_wconf 86' lang='grc'><strong>65.</strong></span> <span class='ocrx_word' id='word_1_169' title='bbox 1302 2729 1340 2780; x_wconf 80' lang='lat' dir='ltr'><strong>Sic</strong></span> <span class='ocrx_word' id='word_1_170' title='bbox 1361 2729 1468 2781; x_wconf 62' lang='lat' dir='ltr'><strong>&amp;crutis</strong></span> 
     </span>
     <span class='ocr_line' id='line_1_22' title="bbox 271 2815 1464 2881; baseline 0.002 -15"><span class='ocrx_word' id='word_1_171' title='bbox 271 2830 369 2880; x_wconf 72' lang='lat' dir='ltr'><strong>mmmm</strong></span> <span class='ocrx_word' id='word_1_172' title='bbox 386 2820 408 2867; x_wconf 88' lang='lat' dir='ltr'><strong>et</strong></span> <span class='ocrx_word' id='word_1_173' title='bbox 427 2818 534 2868; x_wconf 77' lang='lat' dir='ltr'><strong>interm</strong></span> <span class='ocrx_word' id='word_1_174' title='bbox 551 2816 849 2880; x_wconf 67' lang='lat' dir='ltr'><strong>coeiuquteommouiool.</strong></span> <span class='ocrx_word' id='word_1_175' title='bbox 883 2826 978 2867; x_wconf 79' lang='lat' dir='ltr'><strong>moeres</strong></span> <span class='ocrx_word' id='word_1_176' title='bbox 1001 2815 1031 2864; x_wconf 79' lang='lat' dir='ltr'><strong>ie</strong></span> <span class='ocrx_word' id='word_1_177' title='bbox 1052 2817 1093 2869; x_wconf 82' lang='lat' dir='ltr'><strong>od.</strong></span> <span class='ocrx_word' id='word_1_178' title='bbox 1117 2816 1150 2868; x_wconf 91' lang='lat' dir='ltr'><strong>ci.</strong></span> <span class='ocrx_word' id='word_1_179' title='bbox 1169 2817 1235 2880; x_wconf 73' lang='lat' dir='ltr'><strong>Dius.</strong></span> <span class='ocrx_word' id='word_1_180' title='bbox 1254 2830 1295 2880; x_wconf 84' lang='lat' dir='ltr'><strong>cp.</strong></span> <span class='ocrx_word' id='word_1_181' title='bbox 1314 2832 1341 2880; x_wconf 84' lang='lat' dir='ltr'><strong>q.</strong></span> <span class='ocrx_word' id='word_1_182' title='bbox 1361 2819 1393 2881; x_wconf 74' lang='lat' dir='ltr'><strong>t,</strong></span> <span class='ocrx_word' id='word_1_183' title='bbox 1414 2817 1464 2879; x_wconf 83' lang='lat' dir='ltr'><strong>l9;</strong></span> 
     </span>
    </p>

    <p class='ocr_par' dir='ltr' id='par_1_11' title="bbox 269 2901 1470 3940">
     <span class='ocr_line' id='line_1_23' title="bbox 304 2901 1464 2971; baseline 0.002 -17"><span class='ocrx_word' id='word_1_184' title='bbox 304 2906 330 2954; x_wconf 79' lang='grc'><strong>0.</strong></span> <span class='ocrx_word' id='word_1_185' title='bbox 349 2907 413 2955; x_wconf 82' lang='lat' dir='ltr'><strong>lton.</strong></span> <span class='ocrx_word' id='word_1_186' title='bbox 425 2919 449 2967; x_wconf 85' lang='lat' dir='ltr'><strong>p.</strong></span> <span class='ocrx_word' id='word_1_187' title='bbox 465 2906 506 2956; x_wconf 81' lang='grc'><strong>15.</strong></span> <span class='ocrx_word' id='word_1_188' title='bbox 520 2906 545 2956; x_wconf 85' lang='lat' dir='ltr'><strong>b.</strong></span> <span class='ocrx_word' id='word_1_189' title='bbox 563 2903 660 2964; x_wconf 75' lang='lat' dir='ltr'><strong>Apoloot</strong></span> <span class='ocrx_word' id='word_1_190' title='bbox 671 2903 749 2953; x_wconf 86' lang='lat' dir='ltr'><strong>Codd.</strong></span> <span class='ocrx_word' id='word_1_191' title='bbox 763 2904 850 2966; x_wconf 73' lang='lat' dir='ltr'><strong>Appol-</strong></span> <span class='ocrx_word' id='word_1_192' title='bbox 884 2901 991 2965; x_wconf 73' lang='lat' dir='ltr'><strong>nihilque</strong></span> <span class='ocrx_word' id='word_1_193' title='bbox 1007 2905 1198 2957; x_wconf 75' lang='lat' dir='ltr'><strong>amaremur.</strong></span> <span class='ocrx_word' id='word_1_194' title='bbox 1223 2905 1286 2956; x_wconf 79' lang='lat' dir='ltr'><strong>eilcil</strong></span> <span class='ocrx_word' id='word_1_195' title='bbox 1307 2908 1369 2971; x_wconf 82' lang='lat' dir='ltr'><strong>quod</strong></span> <span class='ocrx_word' id='word_1_196' title='bbox 1387 2920 1412 2957; x_wconf 88' lang='lat' dir='ltr'><strong>o.</strong></span> <span class='ocrx_word' id='word_1_197' title='bbox 1432 2908 1464 2957; x_wconf 81' lang='lat' dir='ltr'><strong>ci.</strong></span> 
     </span>
     <span class='ocr_line' id='line_1_24' title="bbox 272 2989 1466 3058; baseline 0.003 -20"><span class='ocrx_word' id='word_1_198' title='bbox 272 2992 318 3043; x_wconf 76' lang='lat' dir='ltr'><strong>lost</strong></span> <span class='ocrx_word' id='word_1_199' title='bbox 336 2997 355 3042; x_wconf 89' lang='lat' dir='ltr'><strong>l.</strong></span> <span class='ocrx_word' id='word_1_200' title='bbox 371 2993 448 3043; x_wconf 74' lang='grc'><strong>5585.</strong></span> <span class='ocrx_word' id='word_1_201' title='bbox 467 3003 560 3041; x_wconf 76' lang='lat' dir='ltr'><strong>eumen</strong></span> <span class='ocrx_word' id='word_1_202' title='bbox 579 2992 702 3053; x_wconf 80' lang='lat' dir='ltr'><strong>elinquit</strong></span> <span class='ocrx_word' id='word_1_203' title='bbox 718 2995 753 3042; x_wconf 79' lang='lat' dir='ltr'><strong>u.</strong></span> <span class='ocrx_word' id='word_1_204' title='bbox 774 2993 798 3040; x_wconf 86' lang='lat' dir='ltr'><strong>l.</strong></span> <span class='ocrx_word' id='word_1_205' title='bbox 817 2991 852 3042; x_wconf 79' lang='lat' dir='ltr'><strong>At</strong></span> <span class='ocrx_word' id='word_1_206' title='bbox 883 2989 959 3040; x_wconf 86' lang='lat' dir='ltr'><strong>idem.</strong></span> <span class='ocrx_word' id='word_1_207' title='bbox 979 2991 1018 3042; x_wconf 80' lang='lat' dir='ltr'><strong>Sic</strong></span> <span class='ocrx_word' id='word_1_208' title='bbox 1032 2995 1143 3044; x_wconf 71' lang='lat' dir='ltr'><strong>socrates</strong></span> <span class='ocrx_word' id='word_1_209' title='bbox 1159 2993 1188 3042; x_wconf 78' lang='lat' dir='ltr'><strong>in</strong></span> <span class='ocrx_word' id='word_1_210' title='bbox 1209 3007 1307 3048; x_wconf 65' lang='lat' dir='ltr'><strong>om...</strong></span> <span class='ocrx_word' id='word_1_211' title='bbox 1326 2994 1389 3046; x_wconf 73' lang='lat' dir='ltr'><strong>ellit</strong></span> <span class='ocrx_word' id='word_1_212' title='bbox 1404 2995 1466 3058; x_wconf 73' lang='lat' dir='ltr'><strong>qood</strong></span> 
     </span>
     <span class='ocr_line' id='line_1_25' title="bbox 269 3078 1464 3145; baseline 0.003 -16"><span class='ocrx_word' id='word_1_213' title='bbox 269 3080 311 3142; x_wconf 76' lang='lat' dir='ltr'><strong>pol</strong></span> <span class='ocrx_word' id='word_1_214' title='bbox 337 3084 373 3130; x_wconf 79' lang='lat' dir='ltr'><strong>ert</strong></span> <span class='ocrx_word' id='word_1_215' title='bbox 398 3091 488 3130; x_wconf 79' lang='lat' dir='ltr'><strong>cumea</strong></span> <span class='ocrx_word' id='word_1_216' title='bbox 502 3079 544 3130; x_wconf 80' lang='lat' dir='ltr'><strong>ci.</strong></span> <span class='ocrx_word' id='word_1_217' title='bbox 565 3081 635 3130; x_wconf 76' lang='lat' dir='ltr'><strong>Frui.</strong></span> <span class='ocrx_word' id='word_1_218' title='bbox 665 3078 746 3130; x_wconf 69' lang='lat' dir='ltr'><strong>delicta</strong></span> <span class='ocrx_word' id='word_1_219' title='bbox 763 3082 802 3130; x_wconf 88' lang='lat' dir='ltr'><strong>W.</strong></span> <span class='ocrx_word' id='word_1_220' title='bbox 821 3082 850 3130; x_wconf 77' lang='lat'><strong>1..</strong></span> <span class='ocrx_word' id='word_1_221' title='bbox 884 3092 910 3128; x_wconf 84' lang='lat' dir='ltr'><strong>u.</strong></span> <span class='ocrx_word' id='word_1_222' title='bbox 928 3079 961 3130; x_wconf 87' lang='lat' dir='ltr'><strong>ri.</strong></span> <span class='ocrx_word' id='word_1_223' title='bbox 979 3080 1052 3130; x_wconf 79' lang='lat' dir='ltr'><strong>llere.</strong></span> <span class='ocrx_word' id='word_1_224' title='bbox 1072 3079 1315 3145; x_wconf 62' lang='lat' dir='ltr'><strong>adtristcenotum,</strong></span> <span class='ocrx_word' id='word_1_225' title='bbox 1343 3084 1386 3133; x_wconf 83' lang='lat' dir='ltr'><strong>ubl</strong></span> <span class='ocrx_word' id='word_1_226' title='bbox 1403 3082 1464 3144; x_wconf 71' lang='lat'><strong>282,</strong></span> 
     </span>
     <span class='ocr_line' id='line_1_26' title="bbox 270 3165 1465 3234; baseline 0.003 -18"><span class='ocrx_word' id='word_1_227' title='bbox 270 3180 319 3228; x_wconf 69' lang='lat' dir='ltr'><strong>mg.</strong></span> <span class='ocrx_word' id='word_1_228' title='bbox 339 3168 357 3218; x_wconf 94' lang='lat' dir='ltr'><strong>l.</strong></span> <span class='ocrx_word' id='word_1_229' title='bbox 382 3165 481 3216; x_wconf 64' lang='lat' dir='ltr'><strong>delitiis⁴</strong></span> <span class='ocrx_word' id='word_1_230' title='bbox 495 3166 523 3216; x_wconf 80' lang='lat' dir='ltr'><strong>t.</strong></span> <span class='ocrx_word' id='word_1_231' title='bbox 544 3165 650 3216; x_wconf 77' lang='lat' dir='ltr'><strong>Deliacis</strong></span> <span class='ocrx_word' id='word_1_232' title='bbox 667 3169 698 3218; x_wconf 88' lang='lat' dir='ltr'><strong>ci.</strong></span> <span class='ocrx_word' id='word_1_233' title='bbox 717 3171 770 3223; x_wconf 83' lang='lat' dir='ltr'><strong>lun.</strong></span> <span class='ocrx_word' id='word_1_234' title='bbox 788 3181 851 3232; x_wconf 79' lang='lat' dir='ltr'><strong>quae</strong></span> <span class='ocrx_word' id='word_1_235' title='bbox 884 3166 928 3216; x_wconf 77' lang='lat'><strong>2⁷.</strong></span> <span class='ocrx_word' id='word_1_236' title='bbox 949 3166 1008 3218; x_wconf 79' lang='grc'><strong>005.</strong></span> <span class='ocrx_word' id='word_1_237' title='bbox 1030 3167 1072 3218; x_wconf 80' lang='lat' dir='ltr'><strong>te.</strong></span> <span class='ocrx_word' id='word_1_238' title='bbox 1098 3172 1215 3232; x_wconf 72' lang='lat' dir='ltr'><strong>praeponi</strong></span> <span class='ocrx_word' id='word_1_239' title='bbox 1234 3172 1312 3224; x_wconf 81' lang='lat' dir='ltr'><strong>tobel.</strong></span> <span class='ocrx_word' id='word_1_240' title='bbox 1335 3171 1403 3234; x_wconf 76' lang='lat' dir='ltr'><strong>qnod</strong></span> <span class='ocrx_word' id='word_1_241' title='bbox 1417 3184 1465 3220; x_wconf 85' lang='lat' dir='ltr'><strong>ro-</strong></span> 
     </span>
     <span class='ocr_line' id='line_1_27' title="bbox 270 3255 1466 3322; baseline 0.004 -19"><span class='ocrx_word' id='word_1_242' title='bbox 270 3255 409 3306; x_wconf 82' lang='lat' dir='ltr'><strong>conicctnrs</strong></span> <span class='ocrx_word' id='word_1_243' title='bbox 426 3255 447 3303; x_wconf 85' lang='lat' dir='ltr'><strong>si</strong></span> <span class='ocrx_word' id='word_1_244' title='bbox 465 3255 597 3319; x_wconf 83' lang='lat' dir='ltr'><strong>recipitur,</strong></span> <span class='ocrx_word' id='word_1_245' title='bbox 623 3257 690 3310; x_wconf 86' lang='lat' dir='ltr'><strong>totus</strong></span> <span class='ocrx_word' id='word_1_246' title='bbox 706 3258 774 3308; x_wconf 83' lang='lat' dir='ltr'><strong>loom</strong></span> <span class='ocrx_word' id='word_1_247' title='bbox 789 3271 850 3322; x_wconf 81' lang='lat' dir='ltr'><strong>per-</strong></span> <span class='ocrx_word' id='word_1_248' title='bbox 884 3267 940 3309; x_wconf 86' lang='lat' dir='ltr'><strong>rom</strong></span> <span class='ocrx_word' id='word_1_249' title='bbox 956 3256 1027 3318; x_wconf 79' lang='lat' dir='ltr'><strong>puto.</strong></span> <span class='ocrx_word' id='word_1_250' title='bbox 1046 3257 1090 3306; x_wconf 82' lang='lat' dir='ltr'><strong>sed</strong></span> <span class='ocrx_word' id='word_1_251' title='bbox 1110 3257 1136 3306; x_wconf 85' lang='lat' dir='ltr'><strong>in</strong></span> <span class='ocrx_word' id='word_1_252' title='bbox 1154 3259 1253 3310; x_wconf 67' lang='lat' dir='ltr'><strong>verbim</strong></span> <span class='ocrx_word' id='word_1_253' title='bbox 1278 3272 1339 3308; x_wconf 81' lang='lat' dir='ltr'><strong>noer</strong></span> <span class='ocrx_word' id='word_1_254' title='bbox 1364 3263 1395 3308; x_wconf 87' lang='lat' dir='ltr'><strong>ot</strong></span> <span class='ocrx_word' id='word_1_255' title='bbox 1416 3258 1466 3308; x_wconf 77' lang='lat' dir='ltr'><strong>dtr-</strong></span> 
     </span>
     <span class='ocr_line' id='line_1_28' title="bbox 270 3343 1466 3418; baseline 0.005 -26"><span class='ocrx_word' id='word_1_256' title='bbox 270 3343 439 3412; x_wconf 56' lang='lat' dir='ltr'><strong>tinctadrqo</strong></span> <span class='ocrx_word' id='word_1_257' title='bbox 453 3343 589 3418; x_wconf 57' lang='grc' dir='ltr'><strong>θεωρίαν,</strong></span> <span class='ocrx_word' id='word_1_258' title='bbox 609 3347 853 3408; x_wconf 79' lang='lat' dir='ltr'><strong>qnantmmienses</strong></span> <span class='ocrx_word' id='word_1_259' title='bbox 884 3346 955 3396; x_wconf 82' lang='lat' dir='ltr'><strong>crim.</strong></span> <span class='ocrx_word' id='word_1_260' title='bbox 983 3347 1013 3395; x_wconf 83' lang='grc' dir='ltr'><strong>Α.</strong></span> <span class='ocrx_word' id='word_1_261' title='bbox 1036 3348 1057 3396; x_wconf 92' lang='lat'><strong>1.</strong></span> <span class='ocrx_word' id='word_1_262' title='bbox 1082 3348 1158 3398; x_wconf 71' lang='lat' dir='ltr'><strong>Tum.</strong></span> <span class='ocrx_word' id='word_1_263' title='bbox 1184 3349 1261 3402; x_wconf 66' lang='lat' dir='ltr'><strong>Duos·</strong></span> <span class='ocrx_word' id='word_1_264' title='bbox 1289 3349 1317 3396; x_wconf 80' lang='lat' dir='ltr'><strong>ut</strong></span> <span class='ocrx_word' id='word_1_265' title='bbox 1341 3359 1390 3396; x_wconf 83' lang='lat' dir='ltr'><strong>om.</strong></span> <span class='ocrx_word' id='word_1_266' title='bbox 1417 3346 1466 3398; x_wconf 80' lang='lat' dir='ltr'><strong>cir.</strong></span> 
     </span>
     <span class='ocr_line' id='line_1_29' title="bbox 270 3433 1465 3498; baseline 0.003 -15"><span class='ocrx_word' id='word_1_267' title='bbox 270 3435 356 3496; x_wconf 74' lang='lat' dir='ltr'><strong>quarto</strong></span> <span class='ocrx_word' id='word_1_268' title='bbox 374 3445 471 3496; x_wconf 83' lang='lat' dir='ltr'><strong>quoque</strong></span> <span class='ocrx_word' id='word_1_269' title='bbox 489 3445 553 3482; x_wconf 91' lang='lat' dir='ltr'><strong>anno</strong></span> <span class='ocrx_word' id='word_1_270' title='bbox 570 3433 659 3484; x_wconf 89' lang='lat' dir='ltr'><strong>Dolum</strong></span> <span class='ocrx_word' id='word_1_271' title='bbox 675 3435 800 3498; x_wconf 65' lang='lat' dir='ltr'><strong>leummt,</strong></span> <span class='ocrx_word' id='word_1_272' title='bbox 820 3435 852 3485; x_wconf 86' lang='lat' dir='ltr'><strong>do</strong></span> <span class='ocrx_word' id='word_1_273' title='bbox 884 3433 977 3485; x_wconf 86' lang='lat' dir='ltr'><strong>Victor.</strong></span> <span class='ocrx_word' id='word_1_274' title='bbox 996 3434 1045 3497; x_wconf 78' lang='lat'><strong>20,</strong></span> <span class='ocrx_word' id='word_1_275' title='bbox 1059 3433 1108 3486; x_wconf 72' lang='lat'><strong>22.</strong></span> <span class='ocrx_word' id='word_1_276' title='bbox 1128 3447 1209 3486; x_wconf 77' lang='lat' dir='ltr'><strong>omnes</strong></span> <span class='ocrx_word' id='word_1_277' title='bbox 1223 3438 1251 3486; x_wconf 83' lang='lat' dir='ltr'><strong>et</strong></span> <span class='ocrx_word' id='word_1_278' title='bbox 1266 3435 1323 3487; x_wconf 77' lang='lat' dir='ltr'><strong>diac.</strong></span> <span class='ocrx_word' id='word_1_279' title='bbox 1340 3438 1370 3485; x_wconf 84' lang='lat' dir='ltr'><strong>G.</strong></span> <span class='ocrx_word' id='word_1_280' title='bbox 1388 3437 1465 3486; x_wconf 75' lang='lat' dir='ltr'><strong>num.</strong></span> 
     </span>
     <span class='ocr_line' id='line_1_30' title="bbox 270 3521 1468 3597; baseline 0.002 -25"><span class='ocrx_word' id='word_1_281' title='bbox 270 3535 318 3584; x_wconf 83' lang='lat' dir='ltr'><strong>qua</strong></span> <span class='ocrx_word' id='word_1_282' title='bbox 338 3522 384 3571; x_wconf 81' lang='lat' dir='ltr'><strong>etr.</strong></span> <span class='ocrx_word' id='word_1_283' title='bbox 397 3522 492 3572; x_wconf 80' lang='lat' dir='ltr'><strong>Platon.</strong></span> <span class='ocrx_word' id='word_1_284' title='bbox 512 3521 636 3572; x_wconf 84' lang='lat' dir='ltr'><strong>Phaedon.</strong></span> <span class='ocrx_word' id='word_1_285' title='bbox 656 3537 680 3587; x_wconf 82' lang='lat' dir='ltr'><strong>p.</strong></span> <span class='ocrx_word' id='word_1_286' title='bbox 695 3523 738 3573; x_wconf 87' lang='grc'><strong>58.</strong></span> <span class='ocrx_word' id='word_1_287' title='bbox 752 3536 776 3574; x_wconf 86' lang='lat' dir='ltr'><strong>a.</strong></span> <span class='ocrx_word' id='word_1_288' title='bbox 788 3524 813 3575; x_wconf 85' lang='lat' dir='ltr'><strong>b.</strong></span> <span class='ocrx_word' id='word_1_289' title='bbox 829 3535 850 3576; x_wconf 85' lang='lat' dir='ltr'><strong>c.</strong></span> <span class='ocrx_word' id='word_1_290' title='bbox 885 3523 929 3585; x_wconf 79' lang='lat'><strong>29,</strong></span> <span class='ocrx_word' id='word_1_291' title='bbox 949 3523 992 3597; x_wconf 71' lang='lat'><strong>2⁷.</strong></span> <span class='ocrx_word' id='word_1_292' title='bbox 1009 3535 1090 3572; x_wconf 74' lang='lat' dir='ltr'><strong>muno</strong></span> <span class='ocrx_word' id='word_1_293' title='bbox 1108 3526 1202 3573; x_wconf 76' lang='lat' dir='ltr'><strong>semro</strong></span> <span class='ocrx_word' id='word_1_294' title='bbox 1218 3526 1247 3574; x_wconf 85' lang='lat' dir='ltr'><strong>ot</strong></span> <span class='ocrx_word' id='word_1_295' title='bbox 1263 3537 1314 3588; x_wconf 68' lang='lat' dir='ltr'><strong>mg.</strong></span> <span class='ocrx_word' id='word_1_296' title='bbox 1334 3526 1354 3574; x_wconf 88' lang='lat'><strong>1.</strong></span> <span class='ocrx_word' id='word_1_297' title='bbox 1380 3523 1424 3574; x_wconf 84' lang='lat' dir='ltr'><strong>sed</strong></span> <span class='ocrx_word' id='word_1_298' title='bbox 1440 3525 1468 3574; x_wconf 86' lang='lat' dir='ltr'><strong>in</strong></span> 
     </span>
     <span class='ocr_line' id='line_1_31' title="bbox 269 3595 1470 3676; baseline 0.004 -17"><span class='ocrx_word' id='word_1_299' title='bbox 269 3611 314 3660; x_wconf 76' lang='lat' dir='ltr'><strong>Ed.</strong></span> <span class='ocrx_word' id='word_1_300' title='bbox 337 3611 422 3673; x_wconf 84' lang='lat' dir='ltr'><strong>steph.</strong></span> <span class='ocrx_word' id='word_1_301' title='bbox 448 3613 521 3673; x_wconf 83' lang='lat' dir='ltr'><strong>atque</strong></span> <span class='ocrx_word' id='word_1_302' title='bbox 546 3610 577 3660; x_wconf 84' lang='lat' dir='ltr'><strong>ed</strong></span> <span class='ocrx_word' id='word_1_303' title='bbox 604 3611 710 3662; x_wconf 80' lang='lat' dir='ltr'><strong>Socratis</strong></span> <span class='ocrx_word' id='word_1_304' title='bbox 735 3595 849 3676; x_wconf 50' lang='lat' dir='ltr'><strong>mortem}</strong></span> <span class='ocrx_word' id='word_1_305' title='bbox 884 3603 993 3674; x_wconf 68' lang='lat' dir='ltr'><strong>margine</strong></span> <span class='ocrx_word' id='word_1_306' title='bbox 1019 3611 1064 3661; x_wconf 77' lang='lat' dir='ltr'><strong>Ed.</strong></span> <span class='ocrx_word' id='word_1_307' title='bbox 1090 3612 1212 3665; x_wconf 74' lang='lat' dir='ltr'><strong>Doriones</strong></span> <span class='ocrx_word' id='word_1_308' title='bbox 1236 3627 1298 3676; x_wconf 82' lang='lat' dir='ltr'><strong>quae</strong></span> <span class='ocrx_word' id='word_1_309' title='bbox 1326 3615 1367 3668; x_wconf 80' lang='lat' dir='ltr'><strong>l&#39;r.</strong></span> <span class='ocrx_word' id='word_1_310' title='bbox 1395 3613 1470 3664; x_wconf 81' lang='lat' dir='ltr'><strong>Potiti</strong></span> 
     </span>
     <span class='ocr_line' id='line_1_32' title="bbox 270 3699 1469 3765; baseline 0.002 -17"><span class='ocrx_word' id='word_1_311' title='bbox 270 3699 301 3750; x_wconf 86' lang='lat' dir='ltr'><strong>dc</strong></span> <span class='ocrx_word' id='word_1_312' title='bbox 326 3712 374 3762; x_wconf 82' lang='lat' dir='ltr'><strong>qua</strong></span> <span class='ocrx_word' id='word_1_313' title='bbox 398 3699 472 3748; x_wconf 85' lang='lat' dir='ltr'><strong>etlam</strong></span> <span class='ocrx_word' id='word_1_314' title='bbox 499 3699 525 3747; x_wconf 88' lang='lat' dir='ltr'><strong>in</strong></span> <span class='ocrx_word' id='word_1_315' title='bbox 549 3699 707 3760; x_wconf 77' lang='lat' dir='ltr'><strong>sequentibus</strong></span> <span class='ocrx_word' id='word_1_316' title='bbox 732 3701 849 3763; x_wconf 81' lang='lat' dir='ltr'><strong>loquitur.</strong></span> <span class='ocrx_word' id='word_1_317' title='bbox 884 3699 982 3764; x_wconf 83' lang='lat' dir='ltr'><strong>luerat,</strong></span> <span class='ocrx_word' id='word_1_318' title='bbox 1008 3700 1075 3750; x_wconf 81' lang='lat' dir='ltr'><strong>totus</strong></span> <span class='ocrx_word' id='word_1_319' title='bbox 1091 3700 1159 3753; x_wconf 81' lang='lat' dir='ltr'><strong>loono</strong></span> <span class='ocrx_word' id='word_1_320' title='bbox 1175 3701 1336 3765; x_wconf 75' lang='lat' dir='ltr'><strong>itsscriptns</strong></span> <span class='ocrx_word' id='word_1_321' title='bbox 1352 3703 1423 3752; x_wconf 80' lang='lat' dir='ltr'><strong>erat:</strong></span> <span class='ocrx_word' id='word_1_322' title='bbox 1442 3701 1469 3752; x_wconf 85' lang='lat' dir='ltr'><strong>Si</strong></span> 
     </span>
     <span class='ocr_line' id='line_1_33' title="bbox 270 3786 1468 3853; baseline 0.003 -17"><span class='ocrx_word' id='word_1_323' title='bbox 270 3799 343 3848; x_wconf 82' lang='lat' dir='ltr'><strong>quom</strong></span> <span class='ocrx_word' id='word_1_324' title='bbox 368 3786 399 3834; x_wconf 86' lang='lat' dir='ltr'><strong>ob</strong></span> <span class='ocrx_word' id='word_1_325' title='bbox 423 3787 567 3836; x_wconf 73' lang='lat' dir='ltr'><strong>romeliano</strong></span> <span class='ocrx_word' id='word_1_326' title='bbox 585 3799 674 3836; x_wconf 80' lang='lat' dir='ltr'><strong>nomeu</strong></span> <span class='ocrx_word' id='word_1_327' title='bbox 693 3799 775 3836; x_wconf 80' lang='lat' dir='ltr'><strong>rerem</strong></span> <span class='ocrx_word' id='word_1_328' title='bbox 797 3790 849 3840; x_wconf 85' lang='lat' dir='ltr'><strong>lec·</strong></span> <span class='ocrx_word' id='word_1_329' title='bbox 884 3789 995 3840; x_wconf 72' lang='lat' dir='ltr'><strong>Soorrtm</strong></span> <span class='ocrx_word' id='word_1_330' title='bbox 1022 3790 1048 3842; x_wconf 83' lang='lat' dir='ltr'><strong>lo</strong></span> <span class='ocrx_word' id='word_1_331' title='bbox 1073 3801 1156 3840; x_wconf 74' lang='lat' dir='ltr'><strong>encore</strong></span> <span class='ocrx_word' id='word_1_332' title='bbox 1182 3791 1283 3842; x_wconf 80' lang='lat' dir='ltr'><strong>meliore</strong></span> <span class='ocrx_word' id='word_1_333' title='bbox 1312 3791 1385 3853; x_wconf 79' lang='lat' dir='ltr'><strong>paulo</strong></span> <span class='ocrx_word' id='word_1_334' title='bbox 1408 3790 1468 3842; x_wconf 83' lang='lat' dir='ltr'><strong>torte</strong></span> 
     </span>
     <span class='ocr_line' id='line_1_34' title="bbox 270 3875 1467 3940; baseline 0.007 -18"><span class='ocrx_word' id='word_1_335' title='bbox 270 3875 362 3924; x_wconf 86' lang='lat' dir='ltr'><strong>tionem</strong></span> <span class='ocrx_word' id='word_1_336' title='bbox 378 3875 449 3938; x_wconf 78' lang='lat' dir='ltr'><strong>puto.</strong></span> <span class='ocrx_word' id='word_1_337' title='bbox 885 3877 978 3940; x_wconf 66' lang='lat' dir='ltr'><strong>signat,</strong></span> <span class='ocrx_word' id='word_1_338' title='bbox 997 3877 1081 3939; x_wconf 76' lang='lat' dir='ltr'><strong>nilum</strong></span> <span class='ocrx_word' id='word_1_339' title='bbox 1098 3877 1179 3940; x_wconf 82' lang='lat' dir='ltr'><strong>amat,</strong></span> <span class='ocrx_word' id='word_1_340' title='bbox 1204 3878 1467 3940; x_wconf 63' lang='lat' dir='ltr'><strong>stannaturam</strong></span> 
     </span>
    </p>

    <p class='ocr_par' dir='ltr' id='par_1_12' title="bbox 269 3964 1469 4293">
     <span class='ocr_line' id='line_1_35' title="bbox 305 3964 1469 4030; baseline 0.005 -20"><span class='ocrx_word' id='word_1_341' title='bbox 305 3964 329 4012; x_wconf 91' lang='grc'><strong>5.</strong></span> <span class='ocrx_word' id='word_1_342' title='bbox 347 3964 409 4012; x_wconf 84' lang='lat' dir='ltr'><strong>Non.</strong></span> <span class='ocrx_word' id='word_1_343' title='bbox 430 3975 456 4023; x_wconf 81' lang='lat' dir='ltr'><strong>p.</strong></span> <span class='ocrx_word' id='word_1_344' title='bbox 469 3964 528 4014; x_wconf 73' lang='grc'><strong>155.</strong></span> <span class='ocrx_word' id='word_1_345' title='bbox 542 3977 563 4016; x_wconf 87' lang='lat' dir='ltr'><strong>a.</strong></span> <span class='ocrx_word' id='word_1_346' title='bbox 590 3966 672 4016; x_wconf 71' lang='lat' dir='ltr'><strong>mx</strong></span> <span class='ocrx_word' id='word_1_347' title='bbox 686 3967 715 4018; x_wconf 86' lang='lat'><strong>1..</strong></span> <span class='ocrx_word' id='word_1_348' title='bbox 733 3966 806 4016; x_wconf 85' lang='lat' dir='ltr'><strong>etiam</strong></span> <span class='ocrx_word' id='word_1_349' title='bbox 825 3967 851 4016; x_wconf 94' lang='lat' dir='ltr'><strong>ln</strong></span> <span class='ocrx_word' id='word_1_350' title='bbox 884 3978 942 4014; x_wconf 85' lang='lat' dir='ltr'><strong>nom</strong></span> <span class='ocrx_word' id='word_1_351' title='bbox 965 3965 1095 4018; x_wconf 79' lang='lat' dir='ltr'><strong>discrimen</strong></span> <span class='ocrx_word' id='word_1_352' title='bbox 1118 3979 1169 4016; x_wconf 88' lang='lat' dir='ltr'><strong>non</strong></span> <span class='ocrx_word' id='word_1_353' title='bbox 1193 3966 1259 4017; x_wconf 80' lang='lat' dir='ltr'><strong>lecit.</strong></span> <span class='ocrx_word' id='word_1_354' title='bbox 1284 3979 1366 4030; x_wconf 72' lang='lat' dir='ltr'><strong>noqm</strong></span> <span class='ocrx_word' id='word_1_355' title='bbox 1389 3967 1469 4028; x_wconf 68' lang='lat' dir='ltr'><strong>sinet</strong></span> 
     </span>
     <span class='ocr_line' id='line_1_36' title="bbox 269 4051 1466 4116; baseline 0.003 -16"><span class='ocrx_word' id='word_1_356' title='bbox 269 4053 307 4100; x_wconf 88' lang='lat' dir='ltr'><strong>W.</strong></span> <span class='ocrx_word' id='word_1_357' title='bbox 322 4052 426 4102; x_wconf 83' lang='lat' dir='ltr'><strong>altorum</strong></span> <span class='ocrx_word' id='word_1_358' title='bbox 442 4053 473 4102; x_wconf 83' lang='grc' dir='ltr'><strong>Χ.</strong></span> <span class='ocrx_word' id='word_1_359' title='bbox 486 4051 672 4116; x_wconf 68' lang='lat' dir='ltr'><strong>compunctum</strong></span> <span class='ocrx_word' id='word_1_360' title='bbox 691 4055 768 4104; x_wconf 79' lang='lat' dir='ltr'><strong>Xlllx</strong></span> <span class='ocrx_word' id='word_1_361' title='bbox 785 4057 851 4106; x_wconf 85' lang='lat' dir='ltr'><strong>Dosa</strong></span> <span class='ocrx_word' id='word_1_362' title='bbox 883 4053 948 4103; x_wconf 80' lang='lat' dir='ltr'><strong>linea</strong></span> <span class='ocrx_word' id='word_1_363' title='bbox 960 4054 1041 4104; x_wconf 83' lang='lat' dir='ltr'><strong>alba.”</strong></span> <span class='ocrx_word' id='word_1_364' title='bbox 1055 4053 1100 4108; x_wconf 84' lang='lat' dir='ltr'><strong>etr.</strong></span> <span class='ocrx_word' id='word_1_365' title='bbox 1114 4054 1253 4106; x_wconf 80' lang='lat' dir='ltr'><strong>Hensdede</strong></span> <span class='ocrx_word' id='word_1_366' title='bbox 1263 4056 1355 4105; x_wconf 81' lang='lat' dir='ltr'><strong>Lucilio</strong></span> <span class='ocrx_word' id='word_1_367' title='bbox 1365 4068 1392 4116; x_wconf 86' lang='lat' dir='ltr'><strong>p.</strong></span> <span class='ocrx_word' id='word_1_368' title='bbox 1404 4055 1466 4104; x_wconf 81' lang='lat' dir='ltr'><strong>tot.</strong></span> 
     </span>
     <span class='ocr_line' id='line_1_37' title="bbox 270 4139 1467 4205; baseline 0.003 -17"><span class='ocrx_word' id='word_1_369' title='bbox 270 4140 300 4188; x_wconf 88' lang='lat' dir='ltr'><strong>de</strong></span> <span class='ocrx_word' id='word_1_370' title='bbox 320 4142 467 4190; x_wconf 85' lang='lat' dir='ltr'><strong>coniectura.</strong></span> <span class='ocrx_word' id='word_1_371' title='bbox 490 4139 593 4190; x_wconf 83' lang='lat' dir='ltr'><strong>tortasse</strong></span> <span class='ocrx_word' id='word_1_372' title='bbox 608 4141 753 4203; x_wconf 65' lang='lat' dir='ltr'><strong>legendum:</strong></span> <span class='ocrx_word' id='word_1_373' title='bbox 774 4147 796 4192; x_wconf 83' lang='lat' dir='ltr'><strong>ot</strong></span> <span class='ocrx_word' id='word_1_374' title='bbox 812 4157 851 4192; x_wconf 76' lang='lat' dir='ltr'><strong>n-</strong></span> <span class='ocrx_word' id='word_1_375' title='bbox 882 4155 944 4204; x_wconf 84' lang='lat' dir='ltr'><strong>quae</strong></span> <span class='ocrx_word' id='word_1_376' title='bbox 962 4142 1012 4190; x_wconf 80' lang='lat' dir='ltr'><strong>tarn</strong></span> <span class='ocrx_word' id='word_1_377' title='bbox 1029 4141 1136 4205; x_wconf 82' lang='lat' dir='ltr'><strong>insulsa,</strong></span> <span class='ocrx_word' id='word_1_378' title='bbox 1168 4144 1196 4194; x_wconf 85' lang='lat' dir='ltr'><strong>ut</strong></span> <span class='ocrx_word' id='word_1_379' title='bbox 1212 4143 1321 4203; x_wconf 84' lang='lat' dir='ltr'><strong>mireris,</strong></span> <span class='ocrx_word' id='word_1_380' title='bbox 1349 4142 1416 4204; x_wconf 78' lang='lat' dir='ltr'><strong>qnod</strong></span> <span class='ocrx_word' id='word_1_381' title='bbox 1434 4144 1467 4192; x_wconf 88' lang='lat' dir='ltr'><strong>ll.</strong></span> 
     </span>
     <span class='ocr_line' id='line_1_38' title="bbox 270 4229 1339 4293; baseline 0.004 -17"><span class='ocrx_word' id='word_1_382' title='bbox 270 4229 320 4276; x_wconf 76' lang='lat' dir='ltr'><strong>dire</strong></span> <span class='ocrx_word' id='word_1_383' title='bbox 337 4229 365 4278; x_wconf 80' lang='lat' dir='ltr'><strong>te</strong></span> <span class='ocrx_word' id='word_1_384' title='bbox 383 4232 485 4280; x_wconf 77' lang='lat' dir='ltr'><strong>concert.</strong></span> <span class='ocrx_word' id='word_1_385' title='bbox 882 4230 971 4280; x_wconf 80' lang='lat' dir='ltr'><strong>talibus</strong></span> <span class='ocrx_word' id='word_1_386' title='bbox 987 4231 1086 4293; x_wconf 73' lang='lat' dir='ltr'><strong>inentis</strong></span> <span class='ocrx_word' id='word_1_387' title='bbox 1102 4233 1198 4284; x_wconf 84' lang='lat' dir='ltr'><strong>tantum</strong></span> <span class='ocrx_word' id='word_1_388' title='bbox 1215 4231 1339 4282; x_wconf 79' lang='lat' dir='ltr'><strong>triomrit.</strong></span> 
     </span>
    </p>

    <p class='ocr_par' dir='ltr' id='par_1_13' title="bbox 306 4317 1468 4383">
     <span class='ocr_line' id='line_1_39' title="bbox 306 4317 1468 4383; baseline 0.003 -17"><span class='ocrx_word' id='word_1_389' title='bbox 306 4319 330 4369; x_wconf 87' lang='lat'><strong>6.</strong></span> <span class='ocrx_word' id='word_1_390' title='bbox 350 4319 410 4368; x_wconf 83' lang='lat' dir='ltr'><strong>lton.</strong></span> <span class='ocrx_word' id='word_1_391' title='bbox 431 4331 456 4380; x_wconf 87' lang='lat' dir='ltr'><strong>p.</strong></span> <span class='ocrx_word' id='word_1_392' title='bbox 471 4317 532 4368; x_wconf 76' lang='grc'><strong>500.</strong></span> <span class='ocrx_word' id='word_1_393' title='bbox 545 4317 571 4368; x_wconf 90' lang='lat' dir='ltr'><strong>b.</strong></span> <span class='ocrx_word' id='word_1_394' title='bbox 918 4317 945 4366; x_wconf 84' lang='grc'><strong>9.</strong></span> <span class='ocrx_word' id='word_1_395' title='bbox 965 4319 1026 4368; x_wconf 82' lang='grc' dir='ltr'><strong>Νοιι.</strong></span> <span class='ocrx_word' id='word_1_396' title='bbox 1045 4333 1072 4383; x_wconf 82' lang='lat' dir='ltr'><strong>p.</strong></span> <span class='ocrx_word' id='word_1_397' title='bbox 1087 4321 1147 4370; x_wconf 71' lang='grc'><strong>025.</strong></span> <span class='ocrx_word' id='word_1_398' title='bbox 1161 4335 1185 4374; x_wconf 84' lang='lat' dir='ltr'><strong>a.</strong></span> <span class='ocrx_word' id='word_1_399' title='bbox 1206 4320 1238 4370; x_wconf 81' lang='lat' dir='ltr'><strong>de</strong></span> <span class='ocrx_word' id='word_1_400' title='bbox 1251 4331 1331 4372; x_wconf 83' lang='lat' dir='ltr'><strong>accus.</strong></span> <span class='ocrx_word' id='word_1_401' title='bbox 1347 4319 1393 4368; x_wconf 81' lang='lat' dir='ltr'><strong>cir.</strong></span> <span class='ocrx_word' id='word_1_402' title='bbox 1415 4321 1468 4372; x_wconf 79' lang='lat' dir='ltr'><strong>loca</strong></span> 
     </span>
    </p>
   </div>
   <div class='ocr_carea' id='block_1_4' title="bbox 0 0 1646 5134">
    <p class='ocr_par' dir='ltr' id='par_1_14' title="bbox 0 0 1646 5134">
     <span class='ocr_line' id='line_1_40' title="bbox 0 0 1646 5134; baseline 0 0"><span class='ocrx_word' id='word_1_403' title='bbox 0 0 1646 5134; x_wconf 95' lang='lat' dir='ltr'><strong> </strong></span> 
     </span>
    </p>
   </div>
  </div>
 </body>
</html>
