3242 5138
491 1581 527 1677 p.
554 1583 587 1655 1.
633 1581 695 1656 ne
723 1580 764 1658 0.
785 1582 927 1658 noetio
949 1561 1036 1657 erra.

259 1820 291 1879 C.
320 1818 429 1879 Lucilii
459 1825 545 1878 aetas
577 1826 609 1879 et
639 1818 741 1897 poesis
771 1835 886 1898 genus,
917 1818 1004 1878 cuius
1033 1817 1179 1880 inventor
1206 1821 1259 1883 ille
1293 1841 1362 1886 esse

171 1937 371 2018 perhibetur,
400 1957 501 2019 nuper
528 1940 560 1999 in
588 1945 706 2000 tantam
738 1938 969 2000 contentionem
994 1944 1088 2017 atque
1118 1945 1362 2006 controversiam

171 2067 342 2134 venerunt,
374 2068 410 2122 ut
433 2061 552 2134 omnia,
587 2077 666 2140 quae
691 2066 783 2121 antea
809 2059 997 2121 videbantur
1024 2077 1092 2122 esse
1112 2061 1298 2137 certissima,
1329 2068 1362 2127 in

173 2179 395 2244 dubitationem
417 2189 528 2244 vocata
548 2183 619 2243 sint.
661 2179 737 2244 Tota
763 2181 859 2260 igitur
883 2181 1046 2262 multiplex
1069 2181 1121 2242 illa
1150 2189 1243 2259 atque
1270 2201 1361 2247 scru-

170 2304 278 2380 pulosa
299 2303 467 2383 disputatio
493 2303 533 2365 de
557 2304 682 2382 integro
709 2301 899 2364 instituenda
932 2308 995 2375 est,
1023 2319 1064 2364 ne
1088 2303 1122 2364 in
1147 2319 1255 2364 eorum
1276 2305 1361 2367 utu-

172 2426 366 2504 perationem
385 2427 542 2500 inourras,
571 2425 624 2504 qui
646 2426 696 2486 vel
723 2423 903 2485 manifestos
927 2423 1135 2503 interpretum
1161 2442 1284 2488 errores
1306 2425 1362 2487 tir-

172 2546 322 2607 mioribus
342 2548 533 2626 argumentis
552 2547 655 2608 refelli
675 2553 706 2608 et
726 2545 816 2607 novis
840 2545 948 2623 utique
968 2544 1113 2607 subsidiis
1138 2545 1232 2608 fidem
1257 2565 1363 2611 rerum

172 2667 351 2728 confirmari
377 2669 496 2728 volunt.
538 2669 576 2728 Et
601 2669 735 2746 primum
762 2667 888 2746 quidem
916 2665 956 2727 de
982 2667 1050 2746 ipso
1078 2667 1202 2729 nomine
1223 2670 1363 2747 quaestio

172 2792 256 2846 mota
286 2793 343 2847 est.
384 2787 447 2847 Etsi
473 2787 555 2847 enim
583 2787 676 2865 longe
705 2788 846 2864 plurimis
876 2787 1027 2848 librorum
1057 2788 1139 2850 MSS.
1167 2790 1361 2864 testimoniis,

166 2906 358 2998 praesertim
379 2907 501 2985 optimis
521 2907 655 2982 lloratii,
681 2909 838 2970 Ciceronis
859 2916 891 2970 et
910 2909 1000 2970 Nonii
1019 2908 1156 2970 Marcelli
1176 2910 1363 2989 exemplari-

171 3028 232 3092 bus
254 3028 408 3108 scriptura
435 3029 574 3091 Larcilius
604 3031 628 3106 (l
655 3029 760 3090 littera
786 3045 849 3090 non
875 3029 1043 3108 geminate)
1073 3029 1274 3109 comprobata
1304 3039 1361 3106 est,

172 3159 276 3215 umen
296 3151 439 3225 inerunt,
461 3152 515 3230 qui
535 3158 652 3212 certam
665 3149 821 3230 quandam
839 3150 1000 3212 scribendi
1016 3167 1173 3226 normam,
1195 3167 1289 3231 quam
1303 3152 1363 3232 ipsi

172 3273 437 3352 excogitaverant,
462 3274 571 3346 secuti,
594 3274 724 3334 alteram
740 3272 936 3351 scripturam,
959 3273 1087 3335 llittera
1099 3275 1266 3353 geminata,
1282 3289 1363 3355 quae

171 3395 203 3454 in
224 3393 432 3457 deterioribus
451 3394 539 3456 libris
564 3394 679 3474 passim
699 3392 965 3474 deprehenditur,
993 3395 1200 3474 praeferrent.
1241 3395 1311 3472 Quo
1330 3395 1363 3456 in

171 3531 302 3576 numero
322 3533 393 3578 cum
413 3515 588 3579 lladrianus
608 3517 788 3590 Turnebus,
811 3518 855 3578 Gl.
878 3516 1059 3589 Salmasius,
1091 3513 1241 3594 loseplrus
1267 3516 1364 3577 Scali-

173 3651 238 3712 ger,
259 3638 442 3712 Lambinus,
468 3638 562 3700 iosias
583 3641 750 3711 Mercerus,
773 3639 905 3712 Curtius,
926 3637 979 3698 alii
1004 3636 1139 3710 tuerint,
1161 3653 1225 3700 non
1249 3636 1363 3697 mirum
1435 3658 1446 3672 ‘

175 3761 238 3829 est,
257 3764 416 3821 tantorum
436 3760 575 3823 virorum
603 3761 819 3822 auctoritatem
839 3777 899 3838 per
923 3737 1059 3837 aliquod
1076 3765 1198 3838 tompus
1224 3757 1364 3820 veritatis

173 3875 275 3938 studio
300 3879 448 3944 olfecisse.
490 3879 549 3943 Sed
578 3881 712 3961 pervicit
740 3881 866 3942 tandem
890 3895 1003 3959 pravas
1022 3877 1092 3941 h.h.
1109 3877 1175 3940 d.d.
1202 3877 1364 3958 opiniones

173 4004 205 4058 et
236 3997 373 4061 melioris
405 4005 580 4083 scripturae
614 4002 789 4064 constantia
822 4010 854 4063 et
886 4000 1054 4064 subtilioris
1085 3998 1194 4062 iudicii
1224 4000 1361 4060 solertia.

169 4119 263 4180 llanc
284 4121 367 4181 enim
387 4122 511 4186 laudem
531 4141 633 4204 nuper
659 4123 833 4204 praeripuit
852 4124 1010 4202 Vargesii,
1041 4122 1163 4184 invenis
1183 4119 1363 4193 doctissimi,

173 4239 350 4320 diligentia,
373 4243 427 4322 qui
450 4244 489 4306 de
510 4247 630 4327 origine
652 4247 810 4310 nominum
829 4246 862 4306 in
888 4246 963 4307 ilius
989 4244 1220 4307 terminantium
1251 4241 1365 4302 acutis-

174 4362 249 4423 sime
264 4363 444 4444 disputarit.
461 4363 520 4428 cir.
535 4367 567 4428 in
580 4369 686 4432 lluseo
702 4369 801 4432 [then.
814 4366 894 4428 Pbil.
908 4369 1033 4432 bonnae
1047 4363 1193 4446 auspiciis
1207 4357 1367 4424 Welckeri

206 4483 365 4536 nusrnrngm.
1136 4505 1155 4545 a
