3242 5138
271 435 337 476 ιω
619 419 669 478 66
689 419 873 480 rnnsorus
892 396 1132 480 66666665.ι

273 568 367 638 Acro,
386 567 544 629 Tricorios
559 569 665 648 Syrus,
690 569 895 630 Aristocrates
908 568 1041 642 villicus,
1063 568 1176 647 quihus
1189 570 1283 632 etlam
1293 572 1469 635 'l'rehellius

271 695 306 750 et
318 688 495 751 Andronius
516 708 547 770 p.
563 691 612 752 59.
627 693 669 763 i;
691 689 917 752 adnumerandi
939 709 1006 752 esse
1026 689 1184 753 videntur.
1227 692 1286 754 Sed
1307 694 1465 768 Aemilius,

270 811 360 871 cuius
382 830 413 890 p.
429 811 458 872 6.
484 811 523 872 ir.
539 812 569 874 6.
591 812 626 873 fit
648 813 782 887 mentio,
805 812 937 876 tortasse
961 827 1074 892 praeco
1096 814 1149 875 ille
1170 814 1245 888 luit,
1275 817 1329 894 qui
1348 818 1383 876 P.
1399 817 1466 877 sci-

271 933 397 1011 pionem
418 934 621 1013 inpetitione
650 942 818 1013 praeturae
845 935 878 998 in
904 936 1007 996 lorum
1034 934 1200 998 deduxisse
1224 943 1380 998 narratur.
1403 939 1462 1000 cir.

269 1055 353 1114 Plut.
371 1055 527 1134 Apophth.
543 1057 650 1116 litoral.
663 1057 698 1117 P.
712 1058 749 1116 ll.
766 1074 797 1135 p.
814 1057 862 1117 75.
881 1056 1023 1120 tad.1>or.
1045 1057 1084 1118 ad
1098 1075 1190 1136 quem
1204 1058 1335 1120 iurasse
1349 1060 1465 1127 rectius

271 1193 380 1238 versus
399 1177 451 1237 ille
471 1177 628 1240 refertur:
653 1178 738 1255 Quae
761 1196 813 1257 eqo
830 1195 912 1240 nunc
932 1179 1063 1240 Aemilio
1080 1188 1246 1258 praecauto
1266 1187 1355 1259 utque
1377 1183 1465 1261 culpo

268 1305 360 1376 utque
381 1305 505 1360 excunte
526 1302 559 1360 L.
576 1299 614 1360 ll.
628 1298 658 1360 6.
1173 1275 1174 1282 ¹

349 1420 449 1481 illinus
469 1420 563 1481 etiam
590 1421 793 1484 tribuendum
813 1428 860 1485 est
878 1442 1082 1508 personarum
1107 1426 1300 1487 Comicarum
1325 1426 1464 1488 nomini-

270 1540 347 1612 hus,
370 1543 514 1618 hymnis,
545 1541 707 1618 Chremes,
736 1543 875 1620 Gnatho,
902 1547 1099 1626 Pamphilus,
1133 1550 1357 1622 Dasmenetus,
1382 1565 1464 1627 quae

271 1663 407 1724 Lucilius
434 1682 473 1725 ex
501 1666 639 1744 priorum
668 1668 718 1728 vel
750 1653 926 1746 aequalium
953 1676 1126 1750 poctarum·
1144 1669 1258 1730 fabulis
1292 1671 1400 1730 citavit
1428 1679 1465 1730 ut

270 1794 375 1846 certos
395 1786 545 1865 quosdam
566 1789 724 1850 hominum
745 1807 847 1852 mores
872 1791 1049 1854 accuratius
1069 1789 1270 1870 exprimeret
1309 1793 1396 1872 Quae
1416 1795 1463 1854 vis

268 1907 401 1969 aliorum
427 1911 586 1971 nominum
610 1912 666 1986 sit,
698 1929 778 1990 quae
806 1913 846 1974 ad
879 1915 1086 1994 antiquiorem
1101 1915 1267 1992 ,historiam
1293 1915 1461 1994 pertinent,

271 2029 305 2086 in
327 2030 518 2107 argumentis
541 2031 733 2107 singulorum
752 2032 904 2093 lihrorurn
925 2037 1118 2113 explicandis
1137 2037 1251 2098 dooere
1269 2037 1462 2097 conabimur.

271 2149 339 2210 lloc
360 2150 521 2211 retulerim
541 2151 667 2216 nomina
687 2151 857 2227 llaniballs,
878 2155 1023 2227 Socratis,
1047 2155 1243 2230 Archilochi,
1268 2158 1364 2240 Datis,
1387 2162 1466 2219 Leo·

275 2272 385 2345 nidae,
412 2274 543 2352 Apellis,
566 2275 708 2352 Lysippi,
736 2275 928 2349 Polemonis,
955 2276 1096 2354 Epicuri,
1118 2276 1268 2348 Socratis,
1301 2277 1463 2356 Aristippi,

269 2395 430 2467 Isocratis,
445 2363 579 2472 Frynes,
596 2395 775 2456 Carneadis.
799 2397 921 2474 Reliqui
932 2396 1031 2475 igitur.
1041 2404 1114 2458 sunt
1126 2397 1254 2468 Tullius,
1267 2397 1462 2473 Hortensius,

273 2515 412 2589 Caelius,
446 2516 561 2590 Flacci,
594 2517 744 2578 Maximus
771 2516 905 2593 Quintus
932 2517 1040 2592 Vatia,
1068 2518 1198 2592 Decius,
1233 2519 1391 2593 Metellus,
1424 2520 1463 2582 de

272 2638 386 2717 quihus
407 2637 491 2700 haud
513 2639 604 2701 facile
618 2639 745 2712 dixeris,
766 2638 841 2717 quid
862 2639 1061 2702 statuendum
1081 2641 1131 2703 sit.
1160 2641 1247 2702 Fabii
1269 2639 1354 2702 haud
1368 2640 1464 2704 dubie

269 2761 376 2842 plures
396 2763 541 2836 luerunt,
564 2763 616 2843 qui
641 2779 659 2822 a
679 2737 796 2824 Lucilio
818 2763 983 2826 memorari
1006 2771 1151 2844 poterant
1158 2785 1167 2837 ;
1197 2763 1252 2826 sed
1279 2762 1461 2843 cognomina

271 2887 382 2956 Vatia,
397 2859 586 2956 'varicosum
615 2886 735 2946 Vanae
755 2885 868 2963 quihus
892 2885 1025 2960 luerint,
1055 2905 1166 2966 parum
1186 2891 1380 2964 compertum
1397 2855 1460 2948 est.

271 3005 378 3084 Quare
392 3007 537 3081 fuerunt,
561 3008 615 3087 qui
636 3006 719 3086 apud
743 3007 894 3068 Lucilium
908 3005 956 3068 60.
972 3006 1002 3069 6.
1026 3008 1066 3067 Ut
1078 3010 1106 3068 si
1117 3007 1291 3085 propeniem
1304 3007 1462 3088 antiquum

270 3147 330 3208 qne
351 3138 394 3190 eet
413 3131 568 3208 Mucianus
587 3130 738 3207 Quintus,
761 3131 876 3202 Votiu,
899 3147 960 3210 quc
986 3130 1154 3199 varicosus,
1180 3129 1319 3188 vetree”
1332 3132 1461 3225 Verru-

272 3269 359 3312 cosus
374 3252 599 3324 emendarent3
621 3259 656 3313 ut
676 3253 716 3314 ad
737 3253 977 3315 celeberrimum
996 3252 1081 3316 illum
1102 3249 1231 3312 Fabium
1244 3253 1462 3314 Cunctatorem

272 3375 359 3436 locus
378 3374 561 3448 referretur.
604 3374 665 3438 Sed
686 3375 770 3436 illam
791 3376 958 3437 lectionem
977 3381 1112 3435 metrum
1128 3374 1263 3452 respuit,
1284 3388 1387 3453 neque
1399 3372 1474 3434 duo

271 3498 390 3576 reliqua
411 3499 594 3577 cognomina
615 3499 821 3578 explicantur,
844 3515 925 3578 quae
945 3497 1097 3558 Lucilium
1116 3496 1178 3556 ioci
1198 3512 1291 3556 causa
1306 3491 1462 3556 addidisse

270 3619 455 3696 putaverim.
495 3619 602 3696 Quare
625 3619 812 3698 genslahia
835 3620 867 3680 in
887 3619 1067 3681 universum
1086 3624 1191 3686 notata
1212 3617 1306 3680 luisse
1319 3615 1462 3690 videtur3

270 3709 349 3800 nam
363 3748 395 3802 et
414 3741 507 3801 Fabio
527 3740 717 3812 Aemiliano,
748 3749 781 3803 et
805 3743 872 3803 eius
892 3741 955 3804 lilio
974 3741 1177 3822 Allobrogico
1203 3741 1332 3818 eiusque
1355 3739 1463 3820 nepoti

272 3880 462 3940 praenomen
483 3863 618 3943 Quintus
638 3862 707 3923 tuit.
755 3865 784 3924 ls
804 3863 929 3941 quidem
960 3863 1145 3924 deterrimus
1175 3862 1284 3935 homo,
1317 3834 1371 3940 qui
1400 3867 1463 3920 tani

245 3967 246 3970 ¹
273 3984 425 4061 perditam
447 3986 572 4047 luxuria
595 3987 691 4047 vitam
710 3985 791 4065 egit,
822 3993 856 4046 ut
876 3992 983 4064 postea
1006 3991 1133 4064 praetor
1160 3985 1191 4045 ei
1217 3983 1355 4064 paternis
1374 3983 1464 4043 burnis

271 4106 488 4179 interdiceret,
512 4108 569 4168 etr.
586 4109 654 4192 ital.
677 4107 849 4171 1666666.
866 4107 895 4168 i.
928 4107 953 4167 si
980 4113 1099 4171 certam
1120 4105 1276 4185 quandam
1300 4121 1464 4183 personam

273 4232 303 4288 t.
325 4197 493 4302 intellexit,
516 4230 648 4290 maxime
669 4229 799 4294 idoneus
820 4228 915 4290 tuisse
935 4229 1074 4302 videtur,
1097 4247 1188 4308 quem
1213 4233 1306 4307 poeta
1326 4232 1459 4288 notaret.

272 4356 385 4424 Contra
406 4353 504 4414 altero
525 4353 643 4430 loco'p.
660 4355 708 4414 75.
731 4354 771 4416 ir.
788 4354 834 4414 l8.
864 4353 1011 4414 Meeimrc’
1031 4356 1058 4414 si
1088 4353 1208 4433 arpenti
1237 4351 1408 4410 sexcentum
1428 4365 1463 4407 uc
