3242 5138
340 407 389 467 DE
403 401 651 486 SINGULORUM
669 401 866 492 tlaaoalltl
883 401 1138 464 ARGUMENTIS.
1260 425 1339 470 reru

151 560 290 619 iacenter
312 555 333 620 l.
350 556 371 615 l.
387 571 432 615 vs.
447 551 496 628 29.
520 551 695 630 appellatur
707 571 715 622 ;
746 549 830 610 idem
859 556 963 612 tamen
989 550 1135 618 Horatius,
1157 558 1267 614 auctor
1292 560 1339 614 est

153 684 251 739 totum
273 677 424 754 Lucilium
444 691 461 734 a
482 674 604 752 priscae
626 672 805 734 comoediae
825 673 925 751 poetis
945 673 1085 752 pendere
1108 679 1139 734 et
1157 670 1254 736 hosce
1271 693 1338 737 esse

151 807 313 876 secutum,
355 797 479 858 mutatis
512 802 632 856 tautum
666 796 803 870 numeris
847 795 1053 874 pedibusque.
1104 799 1208 858 Potuit
1243 799 1339 877 igitur

150 922 288 984 Lucilius
311 920 441 980 multum
467 933 534 980 asse
561 918 702 979 diversus
724 918 771 984 ,ab
791 917 889 978 Ennio
916 918 1046 996 aliisque
1070 920 1170 997 poetis
1191 927 1223 980 et
1241 919 1338 980 nihilo

150 1043 252 1118 minus
269 1043 430 1119 antiquum
446 1041 533 1103 illum
554 1045 733 1102 Saturarum
758 1057 874 1100 morem
896 1056 1033 1120 servare.
1057 1099 1060 1104 ,,
1075 1043 1235 1119 lamquod
1257 1047 1337 1104 Lau·

151 1167 269 1228 centius
298 1153 401 1250 Lydus
432 1162 471 1224 de
503 1139 738 1249 magistratibus
762 1165 849 1240 Rom,
871 1165 900 1224 l.
928 1164 977 1222 tl.
1020 1163 1173 1230 Lucilium
1204 1163 1337 1224 llinlho-

150 1287 200 1360 nis
236 1286 412 1367 comoedias
450 1287 642 1365 expressisse
685 1286 810 1357 statuit,
853 1285 930 1370 nillil
968 1286 1051 1346 aliud
1090 1303 1182 1364 quam
1221 1292 1338 1364 certam

151 1408 306 1487 quandam
336 1407 568 1470 similitudinem
591 1385 691 1471 iuter
711 1416 884 1486 utrumque
906 1409 1118 1470 intercessisse
1150 1409 1336 1487 putaverim.

151 1530 211 1592 Sed
231 1529 291 1590 hoc
312 1531 434 1593 silentio
456 1537 614 1608 nomputo
634 1547 701 1592 esse
726 1530 1005 1610 praetereundum,
1035 1530 1118 1608 quod
1134 1538 1174 1614 ⁴el
1194 1531 1338 1618 Horatius

134 1660 182 1737 ιοι
200 1619 291 1715 Laur.
314 1653 417 1732 Lydus
438 1669 508 1722 cum
523 1653 653 1714 Comicis
674 1653 774 1731 puetis
790 1652 941 1721 Lucilium
961 1660 1131 1730 comparat.
1154 1653 1192 1714 de
1213 1654 1339 1730 Horatio

143 1741 219 1837 'vide
243 1793 358 1854 supra;
378 1773 568 1855 Lydi'verba
590 1772 669 1836 ltaec
694 1781 785 1835 sunt:
800 1773 964 1836 *Plutona
984 1772 1052 1836 eat
1064 1771 1241 1855 Ασκήροιο,
1261 1776 1338 1852 (slve

148 1906 183 1960 ul
196 1900 371 1981 lleuveusio
385 1899 495 1957 Annal.
510 1897 582 1956 titt.
598 1896 696 1986 tugd.
713 1898 823 1976 Batav,
835 1895 920 1986 l8lil.
937 1914 967 1974 p.
977 1896 1025 1955 77.
1041 1894 1181 1972 videtur:
1197 1895 1339 1986 Σκὶρμκ,

149 2022 203 2103 qui
233 2028 281 2092 ost
311 2025 404 2098 poeta
434 2018 602 2090 Comicus}
618 1987 681 2079 sed
709 2019 860 2079 Osannus
882 2019 970 2079 Anal.
997 2019 1084 2108 Critt.
1116 2020 1216 2079 Berol.
1250 2019 1335 2080 tulo.

149 2161 180 2221 p.
202 2143 250 2201 il.
278 2141 423 2218 intelligit
451 2138 600 2222 Ἀρήοακ
627 2139 892 2220 Pythagoraeum)
924 2138 984 2202 καὶ
1003 2139 1131 2204 Batauo
1156 2139 1338 2219 (Βλαῖσοκ)

148 2261 209 2328 καὶ
240 2262 320 2340 τοῦς
353 2260 482 2340 ἄλλους
515 2233 584 2326 Ικιόκ
617 2260 840 2344 Πυθαγόρου)
876 2259 1183 2343 (φλυακογράφοκ
1219 2231 1337 2338 Rouv.)

153 2385 295 2462 equidem
311 2385 569 2466 Πυδο-γοροίωκ
589 2386 831 2458 emendaverim,
855 2385 956 2468 ἴομεκ
970 2385 1010 2450 οὐ
1024 2385 1157 2468 μικριόκ
1176 2381 1340 2469 dedoma-

149 2527 219 2570 τιον
244 2505 301 2570 ἐπὶ
327 2475 392 2591 cmg?
417 2504 570 2588 μεγάλης
592 2504 937 2588 Ἑλλάδοςγεκέςὸοιι
963 2507 1162 2588 καθηγητὰς
1183 2508 1243 2572 καὶ
1265 2506 1338 2572 δια-

148 2626 321 2710 φερόντως
335 2642 392 2689 τοο
404 2625 572 2702 Pladasa,
584 2623 622 2704 ὃς
635 2623 835 2708 ἑξαμέτροις
851 2629 982 2709 ἔγραψε
995 2601 1131 2710 πρῶτος
1143 2628 1336 2716 κωμῳδίαν.

146 2745 185 2830 ἐξ
220 2729 261 2813 οὗ
293 2749 429 2828 πρῶτος
458 2745 586 2826 laudo
607 2729 668 2824 τοὶς
700 2746 867 2840 ἀφορμὰς
898 2749 1085 2827 Λουκίλιος
1118 2749 1136 2814 ὁ
1164 2721 1358 2833 ‘Pacuuius'

144 2870 312 2954 ἡρωικοῖς
334 2851 684 2960 ἐπεοικέκωμῴδηοο.
719 2871 771 2930 list
784 2869 910 2946 quidem
930 2877 1029 2942 totum
1053 2873 1112 2932 hoc
1126 2865 1336 2934 testimonium

144 2993 188 3054 ita
207 2969 445 3072 comparatum,
474 2999 509 3051 ut
535 2992 631 3051 multa
661 2992 763 3055 minus
790 3001 936 3072 accurate
956 2993 1039 3054 dicta
1065 2969 1332 3072 essesvideantur,

145 3113 320 3177 comoedias
344 3114 426 3174 enim
446 3114 599 3184 ,Lucilium
613 3169 614 3176 ,
628 3115 788 3194 scripsisse
813 3117 917 3176 nullus
933 3108 1067 3196 praeter
1088 3118 1206 3196 Lydum
1225 3126 1354 3180 auctor⁴

146 3245 208 3310 est,
238 3236 298 3296 nisi
323 3235 404 3295 sorte
427 3237 574 3300 nonnulla
600 3235 841 3298 Scholiastarum
866 3239 917 3299 vel
940 3239 1217 3300 Grammaticorum
1237 3242 1333 3302 verba

94 3381 99 3390 ¹·
145 3358 206 3420 huc
232 3358 352 3420 referre
388 3358 481 3432 libet,
512 3367 617 3419 tamen
646 3357 706 3419 huc
736 3360 805 3420 iure
839 3368 944 3448 rostro
974 3361 1047 3422 inde
1074 3363 1216 3424 videmur
1242 3381 1332 3441 posse

146 3480 308 3560 colligere,
348 3482 457 3574 Lucilii
491 3483 616 3568 Saturus
640 3497 673 3548 ¹a
714 3482 881 3542 comoediis
914 3499 975 3542 non
1011 3451 1103 3560 plane
1136 3483 1329 3559 althorulsse.

143 3573 410 3679 Quemadmodum
439 3603 535 3685 igitur
554 3605 650 3662 multa
672 3603 764 3680 plane
785 3602 824 3662 ad
846 3599 1005 3680 epicorum
1027 3609 1189 3681 poetarum
1212 3619 1331 3672 morem

142 3726 175 3783 in
195 3725 306 3784 saturis
325 3727 440 3804 scripta
461 3725 555 3786 luisse
576 3689 732 3785 dicuntur.
756 3725 813 3784 cir.
832 3725 922 3785 Serv.
945 3724 990 3785 ad
1004 3726 1090 3806 Virg.
1113 3727 1191 3787 Aen.
1208 3727 1244 3786 X.
1263 3728 1328 3790 llll.

141 3848 185 3906 ita
206 3845 329 3922 saepius
348 3846 485 3928 dialogos
508 3848 677 3909 intexuisse
699 3847 835 3922 videtur,
863 3848 916 3926 qui
939 3847 1057 3912 sabulis·
1073 3855 1144 3908 sunt
1167 3849 1328 3922 simillimi3

143 3984 223 4045 quae
246 3945 356 4028 eadem
377 3970 521 4046 autiquae
541 3977 667 4053 saturae
690 3969 795 4031 fuerat
820 3971 915 4043 ratio,
944 3969 999 4029 ubi
1024 3971 1169 4030 iuventus
1195 3971 1329 4031 ridicula

142 4090 260 4150 intexta
274 4067 415 4150 versibus
433 4067 611 4164 lectitabat,
633 4091 718 4153 unde
736 4092 846 4154 exodia
866 4099 973 4170 postea
993 4093 1150 4171 appellata
1169 4098 1329 4153 conserta·

142 4229 203 4288 que
224 4182 337 4294 labulis
359 4213 548 4291 potlssimum
564 4185 712 4276 Atellanis
730 4189 812 4276 sunt.
838 4215 895 4276 cir.
918 4213 1155 4275 Liv.t.v11.t.
1178 4213 1231 4274 fin.
1264 4214 1325 4274 Sed

139 4333 288 4396 maiorem
307 4337 400 4397 etiam
421 4352 513 4413 quam
533 4335 671 4412 formae,
695 4338 792 4416 ipsius
818 4337 992 4416 argumenti
1018 4336 1113 4398 luisse
1142 4337 1324 4397 varietatem
