3290 5130
508 479 510 484 Α
571 401 620 458 DE
639 399 835 462 ORATIONE
852 399 999 459 Lucilli.
1298 423 1380 464 enarr

194 549 380 629 fragmentis
400 547 634 628 conquirendis,
667 547 884 628 disponendis,
908 547 1128 621 emendandis,
1150 551 1332 631 colligendis
1351 560 1384 614 et

192 671 384 734 illustrandis
404 677 552 750 posuerat
569 687 715 751 operam,
737 669 915 744 hominibus
934 671 1049 744 doctu,
1070 671 1211 751 inprimis
1230 673 1289 734 los.
1304 674 1381 735 Sca-

192 795 291 874 ligero
310 793 464 873 probarit.
506 795 599 856 Cuius
618 793 744 872 quidem
764 793 860 855 editio
879 795 1012 873 primum
1033 794 1176 873 Lugduni
1195 797 1382 859 Batavorum

195 933 234 982 ex
261 915 385 978 cilicina
416 914 610 976 Plautiniana
639 916 796 976 Francisci
823 914 1029 995 Raphelengii
1056 917 1217 979 clondic-
1239 919 1382 999 evulgata

190 1045 259 1100 est:
292 1039 325 1097 d.
357 1039 466 1099 nociti
487 1038 633 1099 Sacasani
660 1039 860 1110 Aoroocooi,
892 1040 1190 1119 Satyropropltorum
1216 1044 1380 1121 principis,

194 1161 250 1240 liq.
272 1161 403 1222 liomooi
422 1161 493 1241 (qui
511 1177 641 1239 aroqoos
661 1161 833 1223 avunculus
847 1163 964 1240 ‘lisono
984 1163 1127 1240 Pompeio
1145 1163 1226 1241 fait)
1251 1163 1381 1242 Satyro-

194 1297 264 1342 roat
284 1301 361 1361 quoe
380 1293 560 1362 supersunt,
584 1285 749 1362 reliquiae,
771 1283 955 1345 Promissus
976 1285 1049 1345 loni
1069 1284 1104 1345 F.
1131 1285 1232 1347 Deoso
1252 1286 1382 1364 colioqit,

193 1403 360 1482 disposuit,
380 1414 468 1467 notos
488 1405 625 1478 addictio
646 1423 739 1484 quem
759 1405 884 1485 quidem
903 1407 1018 1469 librum
1040 1415 1072 1468 et
1089 1409 1191 1486 ipsum
1210 1426 1250 1468 ex
1269 1407 1382 1467 biblio-

194 1523 288 1586 theca
308 1527 449 1587 carolina
470 1527 578 1589 Orellii
598 1527 751 1589 beneficio
767 1527 844 1589 mihi
866 1530 1089 1603 transmissum,
1115 1531 1252 1591 omnium
1264 1529 1381 1592 studio-

83 1685 85 1689 ·
192 1664 277 1721 rum,
302 1666 388 1728 quae·
401 1651 434 1709 in
454 1650 604 1713 Lucilium
626 1650 840 1724 conferuntur,
864 1650 1100 1712 fundamentum
1114 1650 1294 1716 habendum
1314 1669 1381 1714 esse

192 1777 278 1846 puto.
321 1771 414 1832 Cuiars
433 1771 558 1850 quidem
579 1774 707 1832 alteram
730 1771 898 1832 editionem
918 1774 1012 1850 (quae
1032 1773 1114 1832 enim
1129 1773 1224 1834 editio
1244 1771 1381 1836 secunda

193 1889 308 1952 dicitur
335 1892 627 1954 Amstelodamensis
655 1894 729 1952 anni
759 1892 844 1954 lool.
875 1894 926 1954 nil«
947 1895 1006 1954 nisi
1035 1894 1146 1956 ironiis
1171 1895 1301 1955 mutatio
1322 1902 1378 1968 est,

194 2030 286 2091 quam
306 2014 386 2075 lueri
406 2014 540 2075 studium
560 2013 699 2074 invenit:
727 2014 810 2076 solus
829 2015 916 2074 enim
931 2016 1039 2076 titulus
1059 2033 1076 2076 a
1097 2016 1266 2098 bibliopola
1285 2033 1380 2078 recu-

192 2145 245 2196 sus
281 2140 360 2209 ost.)
413 2134 565 2215 Iosephus
592 2136 735 2197 Caminos
771 2136 891 2197 Patavii
935 2139 1197 2202 ClDDCdXXXV.'
1235 2139 1378 2212 excudit,

193 2257 479 2336 lugduno-ilatum
506 2260 676 2320 auctiorem
698 2266 729 2320 et
753 2257 1017 2332 emendatiorem
1035 2276 1118 2340 quae
1131 2261 1256 2338 quidem
1276 2261 1381 2322 Edito-

190 2382 234 2442 ris
261 2382 422 2461 inscriptio
452 2389 509 2442 est.
549 2381 662 2443 Addita
680 2383 764 2444 enim
784 2388 876 2442 sunt:
905 2382 1039 2461 primurn
1059 2383 1260 2462 privilegium
1280 2387 1379 2444 Sena-

192 2505 241 2564 tus
263 2505 394 2577 Veneti,
416 2513 480 2564 tum
503 2505 625 2564 ioannis
645 2503 918 2564 liberti-Fabricii
940 2521 978 2564 ex
998 2495 1188 2567 bibliotheca
1213 2505 1322 2566 Latina
1342 2505 1381 2566 de

191 2625 319 2698 Lucilio,
342 2634 374 2686 et
397 2627 540 2703 Casperio
559 2625 703 2703 Sagitarii
723 2633 816 2703 atque
837 2627 924 2685 Petri
943 2627 1052 2686 Criniti
1072 2625 1111 2686 de
1131 2627 1201 2686 Vita
1219 2628 1252 2688 C.
1270 2627 1381 2688 Lucilii
1506 2653 1508 2660 ·

192 2747 369 2824 disputatio.
417 2748 585 2807 Praeterea
616 2745 755 2807 Editores
785 2749 826 2806 lo,
848 2746 998 2808 Antonius
1025 2754 1058 2808 et
1084 2748 1249 2809 caietanus
1276 2749 1380 2827 Vulpii

190 2870 314 2944 Dcnsae
334 2867 504 2930 iiditicnern
528 2885 677 2942 „summa
698 2885 767 2928 cum
787 2866 849 2930 fide
871 2886 907 2930 ac
922 2869 1083 2948 diligentia
1104 2870 1185 2948 typis
1200 2867 1380 2930 describen-

191 2989 261 3050 dam
286 2997 491 3063 curaverunt,
520 2990 653 3069 plurima
680 2998 783 3051 errata
810 2992 1018 3065 sustulerunt,
1051 2993 1118 3052 loca
1147 2991 1299 3070 quaedam
1326 3000 1380 3052 aut

100 3129 104 3136 ·
191 3115 275 3173 nulla
301 3119 355 3172 aut
381 3113 513 3173 obscura
542 3112 696 3174 sententia
726 3112 945 3185 restituerunt,
977 3130 1177 3174 numerorum
1204 3115 1316 3176 seriem
1347 3115 1379 3175 in

189 3235 328 3313 reliquiis
345 3234 422 3298 libri
441 3235 535 3296 XXX.
557 3233 771 3312 perturbatam
792 3235 1013 3309 correxerunt,
1042 3253 1122 3315 quae
1143 3239 1245 3299 Dousa
1268 3238 1301 3296 in
1322 3254 1378 3297 ex-

191 3363 290 3418 tremo
303 3356 383 3418 libro
398 3355 540 3420 addenda
561 3363 723 3435 posuerat,
744 3355 777 3416 in
798 3373 852 3417 sna
866 3358 941 3434 ,loca
954 3359 1214 3419 revocaverunt.''
1235 3360 1379 3418 Ceterum

190 3479 330 3541 Editores
358 3497 420 3541 non
451 3479 593 3540 carnibus
620 3478 777 3557 promissis
803 3483 958 3538 steterunt
986 3485 1019 3538 et
1046 3478 1145 3536 mulio
1172 3478 1379 3555 praestantior

190 3602 345 3662 Dusianae
365 3601 514 3663 Editionis
533 3601 688 3680 repetitio,
711 3617 803 3678 quam
818 3602 847 3660 S.
864 3600 1107 3679 lievercampius
1122 3598 1282 3659 Censorini
1301 3597 1380 3658 libro

191 3723 227 3781 de
255 3723 302 3783 cilo
330 3726 431 3785 ostoli
455 3723 584 3786 addidit.
626 3725 723 3785 Notae
748 3722 844 3802 ipsius
871 3724 1006 3785 auctoris
1032 3723 1136 3785 serbis
1162 3721 1321 3784 subiectae
1349 3729 1380 3784 et

190 3842 284 3906 index
309 3845 567 3923 locupletissimus
598 3847 721 3908 additus
744 3853 808 3908 est.
840 3847 898 3908 cir.
927 3848 993 3907 Act.
1021 3845 1247 3925 iiruditsLips.
1270 3845 1377 3923 Suppl.

190 3967 225 4029 Τ.
240 3969 293 4027 ΙΙΙ.
315 3984 347 4046 p.
363 3967 401 4026 65
414 3985 481 4046 sqq.
523 3971 671 4049 Reliquae
693 3986 799 4032 omnes
819 3971 976 4031 Editiones
996 3968 1242 4048 fragmentorum
1257 3968 1301 4028 nil
1320 3967 1379 4028 nisi

190 4097 243 4150 aui
272 4088 422 4168 Stephani
451 4097 505 4151 aut
532 4094 635 4155 Dusae
663 4093 877 4156 collectionem
906 4091 1138 4171 repetiverunt;
1169 4095 1201 4152 e't
1230 4087 1379 4167 Stephani

189 4212 313 4288 quidem
336 4226 483 4292 expresse
511 4221 558 4275 ast
580 4217 613 4275 in
640 4233 771 4297 corpore
791 4217 928 4278 omnium
948 4222 1088 4277 veterum
1115 4219 1278 4295 poetarum
1299 4210 1379 4271 Lati—

189 4347 299 4394 norum
327 4335 631 4398 nasamonium.
665 4343 809 4402 Genevae
831 4339 915 4402 loeo.
948 4339 976 4398 i.
1009 4337 1116 4398 itidem
1143 4337 1176 4396 in
1202 4337 1239 4396 D.
1262 4331 1379 4400 lieinsii

1111 4459 1147 4517 k*
