3290 5130
570 381 622 438 un
639 378 837 438 carrione
860 376 1008 440 suumn.
1043 339 1047 354 ’
1289 396 1385 438 cnm

193 530 349 610 intelligit
374 527 581 590 Grammatico
595 527 695 600 euim,
716 541 798 606 quac
813 530 1104 598 commemorantur,
1120 526 1293 605 satyricum
1308 545 1385 606 quo-

192 671 270 731 que,
295 667 387 728 quem
401 649 454 710 ille
467 647 566 722 dicit,
590 647 685 709 inisse
704 653 920 726 persecutum,
942 663 1036 727 snpra
1055 648 1160 711 multis
1173 647 1381 728 exposuimus.

192 773 299 850 Neque
312 765 499 832 archaismis
513 784 591 848 opus
604 785 689 844 esse,
706 775 741 830 ut
754 767 1108 869 fragmentumaliquod
1127 771 1246 844 Lucilii,
1261 772 1385 832 Aurun-

193 887 263 956 cani
290 899 413 973 poetae,
442 911 508 955 esse
529 892 689 964 credetur,
717 907 823 953 omncs
850 893 1045 972 intelligunt,
1078 893 1132 971 qui
1159 894 1210 954 vel
1234 894 1385 955 leviorem

193 1015 372 1077 Lucilianae
399 1015 548 1076 orationis
576 1013 717 1075 notitiam
740 1012 869 1077 babent.
908 1013 1000 1092 Quod
1027 1022 1131 1076 autem
1151 1021 1198 1075 cst
1220 1033 1383 1089 summurn,

193 1145 228 1199 ut
250 1138 418 1200 concedam
438 1123 589 1197 Lucilium
608 1137 764 1198 Iuniorem
777 1153 901 1214 quoque
921 1137 954 1198 ln
968 1132 1183 1197 Grammaticis
1203 1138 1298 1198 inisse
1312 1153 1385 1198 ver-

192 1255 320 1332 satum,
333 1259 394 1320 hec
414 1267 518 1320 tamen
534 1259 587 1320 vix
606 1260 751 1339 cuiquam
771 1257 973 1338 persuadebit
987 1255 1229 1338 Wcrusdorlius,
1254 1261 1385 1322 iunioris

192 1399 315 1461 quoque
335 1383 444 1444 Lucilii
464 1381 595 1443 eandem
616 1380 699 1460 apud
714 1381 937 1442 Grammaticos
951 1380 1046 1442 luisse
1060 1381 1277 1442 auctoritatem
1292 1397 1385 1460 qnam

193 1503 381 1583 superioris.;
402 1504 489 1584 quod
510 1509 664 1566 contra‘se
684 1503 790 1565 habet.
825 1489 984 1580 Quantum
1001 1503 1087 1564 enim
1106 1503 1234 1579 Lucilio,
1256 1503 1385 1566 Saturae

193 1627 357 1700 conditori,
378 1623 502 1689 veteres
522 1625 722 1687 Grammatici
744 1625 912 1690 tribuerint
933 1643 972 1686 ex
992 1626 1047 1698 iis,
1066 1641 1147 1703 quae
1160 1644 1255 1707 supra
1275 1626 1383 1688 lauda-

193 1749 309 1822 vimus,
338 1755 385 1809 est
403 1747 623 1818 manifestum
640 1715 748 1825 'quare
768 1747 891 1806 nonnisi
912 1762 1019 1807 errore
1040 1746 1164 1838 obscuri
1185 1747 1385 1808 Grammatici

192 1872 242 1934 vefl
265 1870 386 1935 librarii
401 1867 470 1930 fieri
490 1869 611 1948 potuit,
635 1874 671 1928 ut
696 1867 879 1945 antiquioris
906 1875 937 1930 et
963 1867 1105 1928 iunioris·
1120 1875 1231 1946 poetae
1244 1919 1246 1922 .
1260 1869 1385 1930 nomina

192 1991 276 2052 inter
298 1996 558 2051 aemularentur.
600 1988 691 2067 Quod
712 1997 816 2052 autem
834 1987 903 2051 fieri
923 1988 1061 2068 potuisse
1083 1988 1218 2063 videtur,
1237 1990 1297 2063 td,
1326 1991 1385 2052 uisi

194 2112 381 2174 firmioribus
401 2113 598 2192 argumentis
611 2111 847 2192 comprobatum
867 2101 979 2184 fuerit,
1001 2128 1064 2171 non
1083 2107 1246 2190 probabile
1266 2111 1386 2173 haben-

69 2254 75 2266 ·
194 2235 285 2322 dum,
299 2234 414 2295 nedum
428 2242 583 2314 procerte
597 2235 777 2314 ponendum
793 2240 849 2296 est.
873 2235 980 2312 Neque
994 2232 1064 2311 plus
1078 2231 1277 2294 tribuendum
1292 2236 1386 2296 Lucio

192 2358 236 2416 illi
256 2357 480 2444 Grammaticp‚
502 2375 595 2435 quem
610 2365 712 2435 nuper
724 2347 906 2418 Theodorus
926 2353 1076 2434 Bergkius
1098 2356 1182 2436 apud
1203 2356 1385 2436 Pompeium

182 2477 232 2540 de
252 2478 447 2545 barbarismo
467 2497 499 2558 p.
514 2477 582 2538 tae.
596 2478 662 2539 lid.
678 2478 767 2539 Lind.
789 2479 945 2540 invenisse
959 2478 1019 2539 sibi
1032 2479 1117 2540 visus
1131 2487 1188 2542 est.
1218 2471 1291 2554 Ubi,
1313 2497 1385 2540 cum
1402 2449 1403 2458 ἵ

193 2597 297 2660 adhuc
316 2617 407 2660 nemo
427 2599 616 2671 dubitasset,
638 2597 713 2676 quin
732 2598 868 2659 Lucilius
888 2605 970 2660 esset
993 2600 1229 2680 corrigendum,
1255 2602 1306 2662 ille
1329 2620 1385 2663 ne·

194 2723 258 2781 scio
288 2739 381 2798 quem
406 2721 542 2781 'Lucium
572 2719 779 2798 excogitavit,
814 2719 876 2780 cui
897 2719 1107 2798 fragmentum
1140 2721 1314 2782 Parisinum
1344 2722 1384 2784 do

193 2841 403 2902 schematibus
429 2841 630 2903 tribuendum
657 2809 724 2902 esse
748 2841 879 2902 censuit.
921 2842 957 2902 ld
983 2842 1067 2921 quod
1092 2839 1249 2904 firmatum
1277 2846 1385 2905 statuit

192 2963 261 3022 luco
284 2964 440 3024 Consentii
468 2963 507 3023 de
535 2962 735 3024 barbarismis
758 2982 789 3042 p.
813 2965 860 3024 la.
894 2965 1015 3044 „quale
1043 2972 1090 3026 est
1114 2971 1233 3044 scptcca'
1251 2965 1384 3026 subiecta

194 3087 289 3145 trioni
315 3092 347 3146 et
366 3103 478 3164 conque
504 3085 707 3160 tabernulam,
730 3104 792 3164 quo
812 3088 924 3148 Lucius
949 3087 982 3149 in
1002 3096 1103 3150 metro
1121 3088 1235 3149 crebro
1254 3089 1384 3149 utitur.”

193 3205 236 3266 lix
256 3207 360 3282 verbis
381 3207 463 3267 enim
488 3209 523 3266 r'n
544 3215 639 3268 metro
659 3205 810 3280 coniecit,
839 3207 978 3271 eiusdem
1006 3211 1142 3272 auctoris
1158 3183 1262 3272 ¹etiarm
1287 3190 1384 3272 libros

192 3329 358 3403 exstitisse,
374 3327 514 3409 pedestri
528 3331 667 3394 oratione
682 3321 878 3411 compositos.
907 3333 1002 3411 Quasi
1016 3333 1141 3395 obscuri
1155 3341 1187 3395 et
1200 3334 1385 3412 negligentis
1504 3322 1514 3337 ’

195 3449 394 3513 Grammatici
414 3452 578 3514 illaborata
603 3453 701 3513 oratio
721 3460 839 3514 tantam
858 3455 920 3516 vim
938 3452 1058 3514 habere
1078 3450 1202 3514 debeat.
1244 3453 1385 3530 Denique

195 3567 255 3632 hoc
282 3571 311 3632 ei
329 3579 385 3634 cst
405 3565 462 3653 pro
483 3581 677 3654 argumento,
705 3575 788 3653 quod
811 3575 904 3636 etiam
934 3575 980 3635 in*
993 3575 1168 3655 fragmento
1188 3575 1293 3636 tmesis
1318 3575 1381 3646 illa,

197 3693 415 3771 antiquissimis
426 3699 631 3777 scriptoribus
643 3697 767 3771 usitata,
783 3693 971 3773 inveniatur,
987 3715 1033 3780 vs.
1045 3697 1075 3762 9.
1088 3671 1158 3776 pari
1173 3713 1264 3776 quam
1279 3698 1385 3758 dicunt

197 3815 278 3874 odos.
302 3816 367 3876 lat.
394 3832 504 3906 conque
532 3823 677 3900 preputio.
706 3812 907 3882 l78.'cr'rcuur
927 3823 985 3883 itta
1006 3821 1149 3884 locatio.''
1183 3824 1258 3883 Cum
1278 3829 1382 3884 autem

195 3939 312 3999 Lucilio
335 3935 395 3998 hcc
419 3939 543 4004 schema
565 3946 701 4006 solemne
721 3943 832 4018 luerit,
854 3943 937 4022 quod
959 3943 1170 4025 compluribus
1193 3943 1383 4024 argumentis

178 4048 380 4123 'confirmare
401 4081 463 4123 non
492 4083 569 4143 opus
590 4076 647 4141 est,
679 4085 782 4130 nonne
808 4068 904 4128 multo
924 4055 1117 4147 probabilius
1142 4068 1252 4145 aliquis
1283 4065 1382 4126 conii-

195 4183 271 4258 ciat‚
295 4185 435 4265 ignotum
455 4186 541 4246 illum
564 4167 809 4254 Granrmaticum
825 4189 934 4252 Lucilii
950 4189 1081 4271 vestigia
1104 4189 1251 4270 pressisse
1273 4189 1381 4268 plura-

195 4323 255 4383 que
276 4311 417 4390 exempla
442 4327 480 4371 ex
509 4283 706 4390 repetiisse.
748 4315 812 4377 lam
838 4331 909 4376 cum
932 4310 1114 4376 'l'heodorus
1138 4309 1288 4390 Bergkius
1316 4309 1383 4387 ipsc
