3290 5130
570 465 618 520 ΒΕ
638 463 834 522 ORATIONE
853 462 1000 522 LUCILII.
1288 485 1377 528 exam

185 613 352 674 maculare.
395 611 510 672 similia
529 617 601 672 sunt
625 619 746 671 omtmto
773 617 805 671 et
831 611 1018 682 redomtmo,
1043 610 1140 673 verba
1169 629 1209 674 ex
1235 617 1376 694 augrrrali

187 735 350 815 disciplina
373 720 487 812 petita,
509 733 653 803 olorone,
668 734 897 804 *commacinam
919 733 1072 794 auxiliari
1091 753 1111 793 o
1130 750 1191 806 mc,
1219 737 1374 814 repulere,

188 858 331 919 resoluto.
343 873 489 934 percrcpo
502 871 637 933 pequam
650 855 797 934 Pompili,
818 857 912 916 rostri
931 856 1101 933 repandus,
1117 866 1253 934 percont,
1274 876 1374 920 remo-

187 999 256 1040 rom
282 979 383 1059 fucere
409 979 519 1057 produ.
549 978 707 1056 multaque
728 978 803 1052 alia,
834 993 914 1055 quae
944 993 1129 1040 enumerare
1155 979 1283 1059 longum
1316 987 1373 1042 est.

186 1099 406 1161 Nihilominus
425 1106 529 1160 tamen
548 1099 658 1160 Lucilii
678 1100 777 1160 oratio
798 1117 835 1160 eo
856 1099 1046 1178 potissimum
1062 1100 1219 1162 celebrata
1233 1109 1290 1176 est,
1312 1120 1374 1164 non

186 1222 269 1300 quod
292 1221 566 1284 creconditorum
587 1222 753 1288 verborum
779 1221 919 1284 tenebris
940 1229 972 1283 et
998 1240 1016 1283 o
1041 1223 1215 1283 litterarum
1239 1222 1375 1300 Graeca·

185 1361 254 1404 rum
279 1343 417 1406 lontibus
442 1344 574 1423 plurima
597 1342 718 1417 hausit,
748 1345 803 1404 sed
831 1343 913 1422 quod
937 1343 1035 1423 ipsius
1061 1345 1168 1422 populi
1193 1351 1229 1405 ut
1257 1345 1373 1408 iudicia

184 1465 227 1526 ita
245 1483 419 1526 sermonem
439 1465 568 1526 rettulit.
605 1466 698 1526 Cuius
718 1465 842 1545 generis
861 1467 954 1546 longe
974 1465 1199 1545 plurimasunt
1219 1469 1371 1546 exempla,

184 1583 226 1648 ita
246 1595 281 1647 ut
301 1605 362 1648 non
384 1594 446 1647 tam
468 1588 558 1665 copia
578 1603 670 1664 quam
686 1586 797 1648 modus
817 1587 1015 1665 quaerendus
1030 1605 1097 1649 esse
1111 1587 1265 1649 videatur.
1288 1589 1371 1649 conl.

184 1709 209 1769 si
228 1709 341 1788 placet,
365 1727 467 1783 „anus
485 1707 525 1768 ad
546 1707 716 1780 armillum,
737 1708 832 1785 hulga
846 1708 954 1785 pilosa,
977 1708 1126 1782 caballus,
1148 1709 1275 1783 bisulci,
1297 1727 1371 1789 gra·

183 1830 258 1905 eila,
281 1831 431 1904 cibicida,
457 1829 618 1891 coniector
638 1828 815 1902 cardinum,
838 1827 915 1890 dens
936 1829 1108 1902 eminutus,
1128 1829 1283 1913 depostus
1314 1832 1372 1894 bu·

181 1951 304 2028 bulcus,
326 1953 380 2013 dat
399 1953 516 2012 rectius
534 1969 584 2024 se,
606 1949 682 2012 dare
702 1950 891 2024 inviscera,
912 1951 945 2010 in
964 1951 1065 2012 lutum
1084 1951 1294 2027 descendere,
1317 1952 1372 2014 de·

181 2081 328 2151 torquere
347 2073 487 2151 guberna
509 2073 579 2152 (pro
598 2073 823 2153 gubernacula)
845 2073 983 2152 dilexere
998 2091 1108 2147 crura,
1130 2074 1251 2150 litteras
1270 2076 1371 2137 lutum

180 2196 311 2270 docere,
331 2197 430 2272 facul,
452 2195 582 2256 tirmiter
602 2213 685 2270 esse,
713 2195 851 2257 totttcuto
871 2195 1016 2270 indutus,
1044 2202 1184 2258 extrema
1211 2196 1368 2277 ligurrire,

177 2318 334 2392 vinibuae,
356 2317 502 2379 excidere
523 2317 693 2396 abaliquo,
715 2317 862 2391 vomitus,
883 2336 958 2396 pus,
980 2318 1102 2379 senium
1121 2319 1155 2395 (i.
1171 2336 1199 2380 e.
1216 2319 1369 2398 convicia)

176 2457 286 2501 manus
311 2439 448 2515 uberior,
477 2442 599 2520 perlabi
624 2442 718 2502 colles
745 2447 777 2501 et
799 2458 925 2520 campos
946 2440 1083 2514 tolutim,
1108 2441 1271 2502 bovinator
1293 2441 1314 2501 i.
1336 2459 1366 2502 e.

175 2563 407 2642 tergiversator,
428 2565 540 2642 gallam
562 2563 672 2624 bibere
695 2569 727 2624 et
740 2579 843 2642 rugas
864 2563 1042 2626 conducere
1055 2564 1175 2636 ventri,
1192 2581 1365 2638 succussor,

175 2691 366 2757 succusator,
388 2684 621 2762 susquedeque
645 2684 750 2744 lacere
771 2684 874 2742 omnia
894 2690 955 2744 etc.

252 2804 314 2866 Sed
333 2806 406 2866 satis
426 2807 522 2866 multa
543 2803 582 2866 de
602 2805 743 2866 oratione
762 2803 891 2866 Lucilii:
922 2821 1024 2881 neque
1052 2804 1135 2865 enim
1162 2806 1264 2866 omnia
1289 2823 1364 2885 pere

176 2944 304 2988 censere
325 2927 486 2987 consilium
514 2925 589 2999 fuit,
622 2933 653 2987 ct
681 2923 840 2986 hominum
861 2926 1023 2988 doctorum
1049 2926 1159 2987 studiis
1180 2927 1367 2990 satisfecisse

161 3042 328 3122 uidemur,
350 3047 433 3127 quod
454 3026 573 3110 animos
592 3064 700 3109 eorum
720 3047 760 3110 ad
779 3049 956 3110 Lucilianae
977 3049 1125 3112 orationis
1151 3049 1288 3112 indolem
1315 3058 1365 3112 at-

174 3190 235 3250 que
250 3178 391 3232 naturam
406 3171 583 3231 accuratius
593 3168 831 3232 examinandam
844 3171 1044 3234 advertimus.
1061 3149 1204 3234 Ceterum
1215 3179 1365 3250 quantum

174 3295 235 3356 iam
262 3294 380 3372 antiqui
411 3293 609 3354 Grammatici
639 3293 757 3353 Lucilio
784 3292 972 3367 tribuerint,
1002 3311 1072 3354 cum
1099 3312 1139 3354 ex
1167 3295 1272 3355 multis
1297 3295 1365 3356 aliis

174 3419 306 3497 intelligi
336 3419 464 3497 possit,
481 3425 547 3478 tum
576 3417 627 3478 vel
656 3414 718 3476 hoc
748 3415 935 3477 documento
963 3433 1031 3476 esse
1052 3415 1185 3486 videtur,
1216 3414 1298 3490 quod
1328 3422 1363 3474 ut

172 3539 263 3602 Caius
278 3541 426 3602 Octavius
446 3539 612 3619 Lampadio
632 3537 740 3598 Naevii
760 3537 912 3600 Punicum
932 3535 1065 3607 belluni,
1087 3541 1122 3594 ut
1142 3539 1249 3613 postea
1264 3533 1363 3610 Quin·

168 3671 222 3724 tus
241 3663 450 3742 Vargunteius
475 3663 610 3723 Annales
631 3659 721 3720 Ennii
742 3657 876 3738 legendo
902 3664 935 3720 et
960 3655 1198 3721 commentando
1219 3654 1360 3734 aequali·

170 3785 230 3845 bus
249 3791 338 3844 notos
355 3785 529 3858 iaciebant,
559 3785 602 3845 ita
625 3783 746 3844 Laelius
767 3779 938 3842 Archelaus
956 3787 989 3842 et
1012 3780 1139 3842 Vectius
1165 3779 1362 3842 Philocomus

168 3907 278 3968 Lucilii
297 3913 416 3984 satyras
436 3907 596 3968 familiaris
616 3909 663 3968 sui
682 3903 880 3983 interpretati
900 3909 989 3974 sunt,
1017 3902 1133 3980 quippe
1153 3919 1230 3979 quas
1248 3901 1361 3980 legisse

169 4048 203 4092 se
223 4029 306 4109 apud
327 4026 511 4090 Archelaum
526 4029 692 4108 Pompeius
709 4031 865 4100 Lenaeus,
888 4023 972 4106 apud
992 4021 1205 4087 Philocomum
1218 4023 1360 4085 Valerius

169 4153 250 4212 Cato·
263 4151 436 4231 praedicat.
457 4153 584 4213 Sueten.
606 4151 744 4212 Gramm.
764 4149 876 4210 Illustr.
899 4148 927 4207 h.
969 4146 1024 4206 Ille
1049 4144 1180 4206 fortasse
1200 4143 1297 4206 Laelii
1318 4144 1358 4204 li·

167 4273 275 4336 hortm
289 4273 433 4353 idemque
446 4272 517 4346 tuit,
533 4273 586 4351 qui
597 4291 635 4335 ex
648 4271 842 4352 principibus
857 4268 1070 4330 Grammaticis
1084 4267 1178 4330 luisse
1193 4271 1225 4326 et
1243 4265 1358 4326 librum
1403 4305 1411 4315 -

166 4413 256 4458 suum
271 4397 467 4477 inscripsisse
486 4395 591 4458 Iertur
602 4395 642 4457 de
655 4395 739 4457 vitiis
757 4391 986 4470 virtutibusque
1007 4379 1233 4469 poematorum.
1256 4385 1355 4466 sosip.
