3284 5128
516 375 569 432 EX
589 373 809 459 salinarium
827 372 898 432 ΠΒ.
920 373 971 430 ix.
1326 371 1360 426 2¹!

188 525 217 586 2.
240 525 266 584 A
281 523 419 604 primum
433 529 493 596 ast,
508 521 583 582 hinc
600 520 763 602 incipiam,
781 525 812 581 et
827 535 909 601 quaa
924 517 1057 580 nomina
1068 519 1109 578 ah
1122 518 1185 580 hoc
1199 523 1281 578 sunt.

241 643 285 711 Α,
307 639 445 720 primum
466 636 566 718 longa
579 635 678 698 brevi'
702 634 846 717 syllaba:
868 651 926 697 nos
950 632 1066 696 deinde
1085 638 1193 694 tamen
1210 649 1308 696 uuum

242 753 312 814 Huc
331 751 503 823 iaciemus,
525 757 556 810 et
582 768 647 814 uuo
670 748 804 820 eodem,
825 753 861 810 ut
880 747 1018 820 dicimu’,
1039 753 1136 828 pacto
1187 799 1191 806 ,

185 906 187 914 =
243 867 443 939 Scribimus,
464 883 588 937 aucun,
611 880 763 937 anaema,
786 861 1060 936 rauur1„aa1nuu,
1082 880 1226 932 acnuam,
1287 881 1292 920 z

240 979 470 1064 ’ῗΑρεςἯρες
492 981 606 1042 Graeci
623 984 663 1040 ut
686 978 818 1040 faciunt.
974 997 1011 1039 a.
1029 998 1061 1040 r.⁴
1161 1005 1164 1012 ¹

193 1099 221 1157 3.
244 1096 312 1158 Hoc
332 1115 397 1156 non
416 1095 550 1156 multum
571 1094 664 1156 ahesl
684 1085 952 1179 cacosyntheton,
975 1099 1070 1174 atque
1093 1091 1207 1171 canina

244 1210 406 1294 Silingua
428 1209 518 1281 dico,
540 1209 619 1270 nihil
640 1227 680 1270 an
699 1195 911 1282 mcenomcn
929 1209 1003 1272 hoo
1012 1207 1059 1269 illi
1081 1212 1138 1270 est.
1183 1251 1186 1263 .

177 1430 288 1437 -.-..-
293 1429 365 1436 ...ψ-.-

172 1566 340 1624 paeceptum,
358 1564 442 1626 quod,
468 1565 526 1626 piria
542 1563 652 1626 pluribus
670 1564 751 1624 anpli-
784 1565 812 1612 de
836 1563 896 1624 labrp
918 1576 983 1612 aeae
1004 1567 1133 1624 capersana
1152 1562 1266 1636 dispositu
1292 1561 1364 1614 clii-

174 1652 242 1700 eatur
267 1651 394 1718 versibus,
421 1652 445 1718 si
466 1651 520 1712 quis
543 1663 630 1714 parum
653 1651 751 1713 credat,
785 1649 900 1700 lustrata.
920 1651 1026 1722 Berolin.
1048 1651 1124 1702 islo.
1142 1639 1168 1712 fi.
1182 1651 1224 1701 ¹⁸0.

173 1739 239 1801 apud
255 1740 334 1802 ipsum
350 1739 376 1786 in
391 1741 431 1790 IX.
444 1739 561 1800 requirat.
580 1735 703 1791 censorin.
722 1740 754 1788 de
821 1738 845 1790 2.
864 1740 962 1788 Terent.
976 1741 1059 1788 Scaur.
1073 1739 1104 1787 ds
1116 1739 1228 1802 orthogr.
1248 1751 1275 1800 p.
1289 1737 1365 1788 2255.

175 1827 216 1875 die
232 1842 257 1878 n.
270 1842 292 1879 c.
305 1829 330 1880 5.
358 1813 471 1880 nonnuli
494 1825 564 1878 binos
581 1828 664 1888 genios
680 1827 755 1878 iniis
785 1863 805 1889 ,‚
818 1827 924 1887 primurn
940 1827 1014 1888 igihrr
1031 1839 1076 1888 per
1088 1827 1251 1877 adiectionem
1268 1826 1309 1874 illa
1326 1826 1366 1876 vi-

174 1916 292 1966 duntaxat
309 1916 436 1979 domibus,
464 1929 526 1978 qirae
543 1916 624 1966 essent
640 1917 752 1978 maritae,
785 1914 873 1964 dentur
896 1929 949 1964 esse
976 1915 1076 1976 vitiosa,
1101 1915 1168 1978 qnod
1184 1915 1268 1964 Accius
1286 1914 1364 1976 gemi-

175 2005 290 2054 colcndcs
307 2004 462 2066 putaverunt.
481 2004 592 2054 Euclides
609 2006 690 2054 autern
707 2007 754 2054 So·
786 2005 849 2054 natis
870 2005 992 2054 vocalibus
1004 2003 1077 2052 scribi
1093 2005 1176 2064 longas
1194 2003 1297 2064 syllabas
1313 2013 1360 2050 vo-

177 2095 280 2142 craticus
297 2093 417 2155 duplicem
434 2096 545 2144 omnibus
563 2095 661 2143 omnino
686 2093 757 2142 nobis
786 2093 850 2142 luit:
878 2107 935 2146 nam
951 2095 1083 2154 singulares
1102 2093 1196 2141 vocales
1216 2093 1241 2140 et
1265 2091 1367 2154 produci

177 2183 279 2230 Genium
290 2183 349 2234 dicit
366 2183 521 2243 adpositum:
535 2196 615 2246 ,quam
627 2171 679 2231 rem
690 2182 756 2244 apud
788 2185 812 2232 et
835 2184 924 2244 corripi
944 2183 1054 2245 possunt.
1082 2180 1152 2230 Unde
1169 2181 1243 2228 etiam
1262 2179 1368 2228 Lucilius

176 2271 294 2318 Lucilium
316 2272 342 2318 in
371 2253 433 2319 libro
459 2274 594 2334 satyrarum
618 2283 682 2320 nuno
700 2271 757 2320 licet
786 2272 813 2318 in
829 2265 921 2324 lX.de'
938 2271 1108 2332 orthographia
1125 2269 1275 2331 praecipiens
1292 2267 1342 2335 ait:

177 2371 329 2420 cognoscere.
354 2361 463 2411 Martiam.
482 2361 576 2422 Capella
596 2362 639 2408 lll.
653 2357 681 2422 ὃ,
695 2359 755 2408 266.
823 2365 906 2424 leuga
934 2345 968 2408 et¹
988 2361 1020 2410 ci.
1044 2361 1110 2409 Dusa
1136 2360 1162 2407 et
1185 2360 1216 2409 ll.
1234 2356 1317 2408 fleins.
1342 2355 1368 2404 in

175 2448 279 2497 Lucilius
304 2449 386 2498 dativo
414 2461 470 2498 casu
494 2451 513 2496 h
538 2451 564 2497 et
587 2451 606 2496 ll
634 2448 759 2511 conirmgit
789 2449 894 2510 append.
913 2448 944 2496 ad
962 2449 1046 2498 horat.
1073 2450 1117 2512 aut
1138 2450 1178 2500 Fr.
1196 2446 1274 2504 hiller
1291 2447 1367 2497 Elem.

178 2535 282 2584 diceris:
302 2537 359 2584 huic
377 2537 501 2586 Terentiae
519 2535 632 2594 Orbilius.
789 2539 871 2588 Gram.
890 2531 943 2583 hal.
966 2539 997 2584 ll.
1016 2549 1042 2596 p.
1059 2535 1118 2586 109.
1137 2536 1181 2584 scd
1201 2535 1369 2584 coniunctione

212 2624 237 2674 i.
249 2625 362 2674 Priscian.
374 2637 399 2684 p.
410 2623 469 2674 618.
481 2625 508 2674 P.
519 2619 601 2670 lirchl
611 2624 631 2671 l.
645 2621 704 2672 158.
716 2623 758 2684 uhi
790 2623 877 2672 emissa
898 2625 1029 2682 utrumque
1052 2635 1068 2668 u
1091 2621 1177 2670 ecdem
1201 2623 1274 2670 modo
1298 2623 1370 2673 scribi

177 2711 258 2770 plures
277 2711 408 2761 coddlih.
422 2713 462 2758 lx.
478 2709 577 2760 hahent.
598 2709 758 2762 innunnullis
789 2710 840 2770 ipsa
864 2707 973 2758 oratione
998 2709 1154 2770 significatur.
1186 2712 1265 2770 Quare
1292 2697 1368 2758 mullo

178 2797 238 2848 aad.
268 2809 313 2858 pro
344 2799 414 2844 modo
442 2797 479 2844 est
504 2807 570 2846 coo.
602 2797 661 2863 Ven.
684 2799 709 2847 l.
733 2797 757 2848 h.
788 2799 868 2846 minus
884 2797 914 2845 ab
933 2797 1215 2860 admittendum„qnod
1235 2797 1368 2848 Schmidtio

178 2887 307 2947 utrumque
326 2887 483 2946 coniungunt.
511 2897 569 2933 veru
591 2885 670 2932 mode.
693 2885 758 2952 ande
775 2887 888 2948 placuit.
908 2887 970 2936 scal.
993 2885 1137 2950 loaplhrccis
1153 2888 1219 2934 unde
1237 2887 1284 2934 hoc
1302 2888 1368 2936 certe

177 2976 293 3022 Dusaerc
302 2971 757 3034 modcccniecit·subtemiaie‚1lrehli0
789 2975 816 3023 fit
841 2975 1015 3035 manifestum,
1047 2987 1104 3024 eum
1129 2974 1155 3024 in
1183 2975 1300 3036 asyndeto
1318 2987 1369 3024 non

178 3063 242 3112 teste
260 3063 346 3132 optimi
362 3063 431 3123 libri,
451 3062 523 3122 vulgo
534 3060 689 3124 subtegmine.
710 3064 758 3112 Sed
789 3063 916 3112 offendisse
929 3063 976 3114 cir.
987 3065 1073 3113 flerat.
1087 3066 1118 3112 11.
1132 3065 1158 3112 5.
1172 3063 1214 3112 26.
1238 3062 1369 3126 „omnium

177 3151 297 3212 genitivus
324 3152 362 3200 est
388 3150 462 3198 ctiam
489 3162 529 3210 ap.
555 3141 647 3198 Charis.
666 3151 693 3212 p.
713 3151 757 3202 8l.
788 3153 987 3214 versatururna,
1008 3153 1163 3202 seriusocius
1176 3165 1229 3200 sors
1246 3153 1368 3202 exihua.’'

176 3241 204 3288 Ρ.
218 3253 245 3301 p.
261 3239 303 3292 59.
317 3237 388 3288 hind.
407 3237 500 3287 accedit
510 3237 604 3286 Nonius
617 3252 644 3300 p.
659 3239 718 3290 ida.
731 3239 756 3288 b.
788 3240 895 3289 diximus
903 3244 978 3290 Dusa.
987 3253 1037 3290 unc
1046 3243 1125 3288 eedem
1134 3241 1206 3307 idem.
1219 3254 1258 3302 ap.
1269 3240 1366 3290 Putsch.

178 3328 238 3376 ubi:
262 3329 322 3389 foria
346 3326 484 3378 subteminis
505 3338 588 3386 pulsus
607 3329 641 3376 eal
657 3326 756 3388 legitur.
789 3341 831 3390 que
856 3328 974 3378 additum.
999 3329 1065 3390 quod
1093 3331 1152 3378 alias
1178 3329 1299 3377 omittitur
1323 3329 1368 3380 cir.

179 3416 227 3464 Sed
250 3417 270 3464 is
291 3429 388 3478 quoque
411 3417 457 3465 lib.
473 3417 516 3464 [Χ.
541 3414 585 3466 cir.
612 3415 689 3465 Gulae.
710 3415 756 3463 ob·
788 3418 841 3465 XX.
864 3421 959 3478 „utque
979 3418 1059 3464 ecdem
1075 3429 1126 3464 unc
1145 3416 1264 3475 tempore’'
1281 3419 1366 3464 XXIX.

179 3515 242 3550 serr.
270 3507 312 3551 Xl.
338 3506 363 3550 6.
394 3489 494 3564 ponnus
525 3501 702 3568 (suprascripto
727 3499 757 3566 u)
789 3505 899 3566 „eodem
918 3517 968 3552 uno
985 3503 1012 3551 hi
1029 3503 1101 3551 modo
1119 3502 1224 3550 rationes
1235 3503 1369 3554 subducent

179 3589 263 3637 estin
282 3587 325 3638 W.
345 3591 405 3638 inde
433 3592 491 3640 haec
516 3592 590 3642 rerba
610 3591 645 3638 ila
671 3602 756 3639 emen·
771 3575 871 3642 'suas''
888 3597 917 3640 h.
927 3593 1022 3644 xxvu.
1037 3593 1062 3641 i.
1083 3591 1190 3654 „eadem
1199 3604 1247 3640 una
1256 3597 1369 3643 maneant

181 3663 261 3726 danda
280 3679 306 3724 el
324 3677 455 3727 ordinanda
473 3693 524 3728 asse
787 3680 815 3728 in
831 3681 979 3730 sententian
999 3679 1134 3730 cin-Giian.
1154 3681 1253 3730 collect.
1273 3681 1299 3730 in
1315 3684 1367 3730 hu-

386 3767 449 3816 lntu’
467 3768 540 3815 modo
559 3769 607 3816 stet
788 3769 849 3819 eret.
866 3771 913 3817 LB.
934 3771 1011 3820 4596.
1031 3784 1057 3832 p.
1076 3770 1136 3818 aaa.
1156 3768 1242 3817 eodem
1258 3769 1362 3832 trisylla-

250 3853 347 3903 Ereciua
364 3853 505 3904 subteminis
522 3868 608 3916 panus.
787 3859 847 3906 bum
865 3857 891 3906 et
907 3859 933 3907 in
949 3871 999 3906 uae
1015 3857 1134 3920 posterior
1151 3857 1242 3918 syllaba
1257 3872 1308 3908 nun
1320 3861 1367 3908 eli-

178 3946 204 3991 ct
231 3953 326 4002 peace,
359 3941 424 4002 quod
450 3942 481 3990 ds
510 3945 605 3994 tumore
631 3945 756 4004 inguinum
788 3945 863 3997 ditur.
883 3945 926 3994 cir.
945 3945 1021 3994 Lucil.
1040 3946 1125 4006 fragon
1141 3946 1190 3998 Ed.
1203 3949 1364 4000 Dusaxxli.

179 4030 282 4092 dicitur,
301 4029 347 4078 hoc
359 4030 412 4078 locu
426 4041 471 4093 pro
483 4031 536 4092 ipso
553 4045 624 4094 pene,
644 4032 756 4082 subtemi-
788 4036 818 4102 ll.
841 4034 865 4082 6.
886 4035 934 4082 ine.
954 4036 997 4083 54.
1016 4033 1059 4082 [ιθ.
1078 4035 1109 4082 de
1126 4031 1214 4107 ἸἈρες
1234 4032 1303 4106 ἄρες
1320 4037 1365 4085 cir.

179 4119 217 4169 uis
236 4131 280 4183 pro
296 4119 379 4168 lunico
397 4119 576 4182 pannonicae,
593 4122 683 4170 statuo.
705 4123 755 4170 No·
787 4124 888 4189 martial.
910 4122 991 4186 Epigr.
1010 4123 1052 4170 lX.
1072 4122 1113 4170 ih.
1136 4123 1178 4170 lb.
1209 4161 1210 4168 ,

179 4207 214 4254 nii
244 4209 312 4258 locus
345 4209 445 4258 iurasse
478 4207 586 4258 diversus
615 4224 628 4256 a
661 4211 754 4261 nostro.
823 4212 848 4260 5.
873 4212 924 4260 Vel.
952 4213 1025 4271 hung.
1053 4210 1084 4260 dc
1108 4211 1215 4271 orthogr.
1244 4224 1270 4272 p.
1291 4211 1366 4264 aare.

152 4359 156 4366 ι
179 4294 223 4342 cir.
243 4297 366 4346 Schmidt:
390 4301 417 4348 c.
437 4293 523 4346 lucilii
539 4297 675 4346 Satirarum
698 4313 756 4360 puae
771 4357 774 4371 Ι
788 4300 902 4362 „inventi
927 4301 982 4359 sunt
1001 4300 1096 4360 tamen,
1121 4297 1163 4362 qui
1181 4300 1206 4348 et
1223 4299 1275 4348 sins
1292 4300 1368 4354 vocali
1431 4313 1439 4334 ⁸
