3250 5136
538 443 663 513 droun
684 413 1017 504 cassavnrronua.
1319 443 1367 498 155

189 597 215 648 te
228 591 419 650 Nomentanet
442 594 563 662 malum,
576 595 633 648 iam
646 597 766 648 caetera
771 594 891 662 perdant
901 594 925 648 t'’
944 591 1046 662 quibus
1060 591 1154 646 verbis
1167 591 1243 646 nulla
1253 591 1368 660 quidem

186 681 318 736 luxuriae
342 685 406 737 nota
432 681 522 749 inest,
546 682 598 736 sed
621 682 708 736 multo
731 681 822 735 minus
845 681 893 735 illa
918 681 1033 735 exclusa
1058 683 1111 735 est.
1148 677 1208 733 lam
1227 680 1307 747 vide,
1331 695 1367 734 ne

189 769 322 825 audacius
342 769 378 824 de
399 773 526 825 veterum
549 767 802 824 Grammaticorum
833 769 1011 836 testimoniis,
1039 783 1111 838 quos
1135 769 1210 822 solos
1239 770 1367 823 auctores

188 859 344 928 sequimur,
358 856 508 915 detrahere
520 858 653 926 videaris,
668 857 691 912 si
704 859 778 926 apud
790 855 930 912 Donatum
942 872 1045 912 nomen
1056 855 1223 910 Nomentani
1235 856 1367 923 admittis,

187 946 262 1016 apud
280 946 419 1001 Aaronem
438 947 514 1001 idem
542 947 727 1002 reiiciendum
750 961 815 1001 esse
840 945 995 1000 existimas.
1033 943 1107 1010 Quin
1131 945 1201 1013 imo,
1230 942 1283 999 hoe
1300 943 1369 1000 mihi

188 1035 224 1090 ab
246 1033 357 1090 Horatii
375 1049 497 1104 persona
515 1035 717 1090 alienissimum
734 1050 800 1089 esse
820 1035 947 1102 videtur,
971 1038 1001 1090 ut
1023 1048 1125 1088 nomen
1147 1032 1282 1101 bominis,
1311 1033 1370 1090 vitii

187 1123 332 1178 cuiusdam
357 1136 442 1177 causa
463 1139 480 1177 a
502 1122 609 1178 Lucilio
628 1127 753 1178 notatum
778 1127 806 1178 et
823 1121 966 1178 hominum
991 1123 1167 1178 sermonibus
1186 1122 1368 1187 celebratum,

188 1212 223 1267 ad
242 1227 337 1267 mores
358 1213 441 1281 piane
459 1213 588 1267 diversos
607 1213 789 1268 transtulerit.

255 1299 312 1356 Ant
327 1301 411 1368 igitur
425 1301 570 1370 utriusque
585 1298 767 1355 Grammatici
781 1301 969 1356 testimoninm
981 1301 1189 1368 reieciendum,
1203 1303 1251 1354 aut
1262 1304 1370 1354 utrum-

185 1403 242 1458 que
260 1388 473 1458 adprobandum
494 1392 547 1445 est.
578 1389 638 1443 lam
659 1390 768 1458 tuipse
787 1388 856 1444 mihi
874 1390 1012 1445 concedes
1029 1390 1103 1458 apud
1125 1388 1272 1444 Horatium
1290 1388 1370 1458 qnin-

186 1492 243 1546 qne
260 1476 329 1532 locis
348 1476 516 1533 Nomentani
534 1493 635 1532 nomen
661 1478 690 1532 iu
708 1478 765 1534 vim
789 1478 934 1547 proverbii
957 1478 1062 1532 abiisse
1081 1478 1110 1533 S.
1130 1477 1151 1531 l.
1172 1476 1196 1530 t.
1220 1473 1325 1528 10311.
1345 1472 1368 1528 t.

186 1563 231 1620 22.
250 1562 279 1622 S..
300 1563 322 1619 L
340 1562 366 1619 8.
388 1565 429 1620 11.
449 1564 487 1622 ll.
506 1563 534 1634 3,
555 1565 613 1622 175.
633 1563 693 1619 224.
725 1569 815 1620 restat
838 1565 899 1621 sola
922 1565 1009 1621 satira
1033 1569 1131 1621 octava
1152 1565 1217 1621 libri
1240 1564 1369 1631 secundi,

187 1653 235 1709 ubi
252 1651 443 1708 Nomentanus
467 1655 541 1709 inter
563 1655 696 1708 convivas
721 1657 922 1721 enumeratur,
948 1668 1019 1722 qnos
1039 1651 1190 1708 Maecenas
1215 1667 1311 1708 secum
1335 1653 1369 1708 ad

185 1740 556 1806 Nasidienumaddnxeri13
585 1741 633 1810 qui
651 1744 686 1795 -et
709 1741 771 1808 ipse
799 1741 972 1796 delicatioris
997 1741 1051 1795 cibi
1077 1741 1264 1809 peritissimus
1284 1741 1370 1795 luisse

185 1829 299 1886 videtur
313 1828 364 1885 etr.
386 1827 457 1883 Hor.
478 1828 507 1885 S.
527 1827 565 1884 lt.
582 1829 609 1884 8.
629 1827 672 1884 25.
700 1843 785 1899 quem
802 1829 895 1884 locum
914 1829 937 1883 si
960 1829 1088 1898 quaeris,
1109 1827 1250 1898 quomodo
1268 1827 1371 1884 intelli-

186 1933 268 1988 gam,
287 1919 380 1973 statuo
398 1915 571 1973 Maecenatis
589 1918 719 1974 comitem
736 1918 767 1972 in
782 1915 919 1971 honorem
932 1917 1038 1972 veteris
1054 1915 1238 1984 Nomentani,
1255 1920 1372 1986 propter

186 2006 398 2061 similitudinem
417 2017 527 2060 morum
546 2007 647 2060 codem
665 2005 777 2061 nomine
796 2005 968 2076 appellatum
987 2005 1084 2060 tuisse.

253 2093 401 2150 llittrcilius
420 2093 505 2148 etiam
524 2097 568 2148 est
588 2093 687 2162 tragm.
706 2092 745 2147 ll.
766 2091 807 2145 11.
833 2108 918 2163 quem
940 2094 1034 2147 locum
1053 2092 1206 2148 emendare
1226 2092 1275 2149 tibi
1292 2093 1371 2149 visus

187 2197 237 2248 es;
257 2184 282 2239 si
303 2185 393 2238 tenuit
408 2207 443 2220 -
461 2187 545 2250 atque
561 2188 632 2237 adeo
650 2196 817 2252 reponeres.
837 2196 910 2251 quae
928 2182 1087 2237 coniectura
1101 2181 1168 2250 quid
1187 2181 1223 2235 ad
1241 2180 1293 2235 hos
1307 2194 1371 2235 ver-

188 2286 236 2326 sus
268 2270 451 2326 illustrandos
475 2273 572 2340 iaciat,
599 2287 645 2326 me
668 2287 724 2327 non
750 2273 910 2341 intelligere
937 2271 1037 2326 fateor.
1078 2269 1202 2325 Primum
1228 2270 1281 2326 hoc
1304 2269 1373 2326 mihi

185 2359 364 2416 manifestum
382 2375 447 2414 esse
464 2361 592 2429 videtur,
613 2360 725 2416 tractari
744 2361 805 2416 sive
822 2359 936 2415 irrideri
955 2359 1047 2413 locum
1065 2359 1188 2428 aliquem
1206 2374 1243 2414 ex
1261 2364 1372 2428 tragoe-

184 2447 247 2502 diis.
269 2445 342 2502 Huic
358 2449 432 2503 enim
451 2448 547 2518 poesis
571 2450 668 2519 generi
689 2449 813 2504 maxime
838 2448 989 2503 convenire
1014 2448 1127 2502 videtur
1151 2448 1215 2502 talis
1237 2448 1371 2504 furiarum

182 2536 362 2606 procurati03
381 2537 435 2591 nisi
447 2538 510 2606 quis
528 2535 611 2592 Ennii
629 2537 816 2604 fragmentum
829 2536 948 2604 intelligi
965 2536 1053 2590 malit.
1076 2534 1137 2590 lam
1150 2535 1237 2590 turias
1248 2536 1372 2591 insidere

183 2622 360 2678 nhominum
372 2624 531 2680 visceribus
540 2639 599 2677 non
613 2624 736 2678 alienum
749 2626 802 2677 est.
817 2623 866 2677 cir.
883 2622 962 2690 Virg.
976 2621 1048 2677 Aen.
1062 2621 1127 2678 Vll.
1139 2620 1198 2675 art.
1218 2621 1373 2690 „Penitus-

184 2725 240 2779 que
250 2711 280 2766 in
290 2710 402 2766 viscera
411 2712 522 2781 lapsum
530 2711 670 2779 serpentis
681 2710 780 2765 furiale
793 2711 909 2778 malum,
921 2714 1064 2780 totamque
1074 2711 1232 2781 pererrat.”
1251 2709 1332 2777 Quae
1347 2712 1372 2766 si

186 2798 249 2868 quis
262 2799 438 2868 respexerit,
457 2798 539 2853 tacite
557 2799 707 2854 lectionem
723 2802 829 2853 residet
846 2804 906 2866 pol.
926 2798 1098 2867 probaverit.
1119 2803 1208 2854 tenuit
1225 2800 1291 2854 terri
1304 2815 1373 2869 pos-

187 2889 247 2955 set,
270 2887 296 2942 si
315 2886 389 2941 inter
407 2885 461 2942 boc
479 2887 598 2958 verbuqn
617 2891 645 2942 et
662 2887 842 2956 pulmonibus
860 2887 1117 2956 interpungeretnr.
1145 2883 1201 2942 Sed
1221 2892 1278 2942 tum
1291 2888 1374 2956 plane

186 2975 346 3044 ignoratur,
372 2975 440 3044 quid
462 2974 551 3030 verba
579 2979 724 3043 Tisiphone
748 2979 838 3030 tenuit
862 2974 917 3030 sibi
943 2975 1039 3030 velint.
1076 2972 1157 3042 Quae
1176 2976 1200 3030 si
1222 2991 1289 3044 pars
1308 2988 1373 3030 sen-

186 3063 290 3119 tentiae
318 3063 463 3132 sequentis
489 3067 567 3130 sunt,
595 3064 698 3118 arctius
725 3079 789 3118 cum
817 3063 872 3118 illis
899 3063 1042 3132 iungenda
1069 3067 1141 3118 sunt.
1176 3062 1238 3118 Hoc
1255 3062 1373 3120 Rotbius

186 3153 301 3222 assequi
319 3152 373 3208 sibi
392 3151 470 3207 visus
489 3153 549 3219 est,
569 3151 593 3205 si
613 3155 724 3207 Titbana
742 3154 903 3220 reponeret.
922 3152 998 3221 quod
1016 3166 1129 3221 nomen,
1148 3153 1290 3222 quomodo
1310 3167 1373 3207 cum

184 3239 260 3296 illins
279 3243 378 3296 natura
397 3243 425 3295 et
443 3251 560 3294 munere
578 3240 747 3307 consentiat,
767 3239 909 3294 nonsatis
927 3239 1105 3295 manifestum
1124 3246 1184 3308 est,
1204 3242 1257 3296 etsi
1273 3242 1373 3296 ductus

184 3329 341 3384 litterarum
359 3331 489 3400 proxime
511 3329 548 3384 ad
566 3329 733 3398 scripturam
752 3324 886 3382 Codicum
905 3328 1042 3384 accidunt.
1078 3327 1139 3383 lam
1157 3329 1183 3383 si
1200 3347 1307 3398 capuan
1319 3344 1374 3384 non

187 3416 363 3472 retinendum
389 3421 446 3486 est,
473 3417 555 3472 tacite
581 3417 663 3474 alicui
686 3417 715 3472 in
738 3420 863 3473 mentem
890 3416 985 3472 veniat
1010 3433 1126 3485 anquam
1151 3417 1295 3484 corrigere
1322 3417 1372 3470 etr.

188 3501 266 3573 Virg.
287 3503 362 3559 Aen.
380 3504 444 3560 v11.
464 3504 526 3558 ate.
556 3502 661 3574 „lluic
686 3506 740 3562 dea
765 3504 905 3560 caeruleis
923 3518 1010 3558 unum
1037 3504 1074 3558 de
1101 3503 1224 3559 crinibus
1253 3519 1373 3574 anguem

187 3590 325 3648 coniicit.’·'
341 3593 391 3646 cir·
404 3590 487 3648 Ovid.
503 3592 573 3649 Met.
592 3592 642 3646 lV.
655 3591 724 3659 tei,
744 3593 796 3647 sed
814 3591 880 3648 huic
898 3592 1075 3647 coniecturae
1094 3592 1235 3647 nonsatis
1254 3602 1372 3662 respon-

188 3681 257 3746 dere
282 3680 410 3748 videtur,
435 3682 509 3750 quod
533 3697 600 3736 mox
625 3681 772 3751 sequitur,
807 3687 962 3736 recoctum.
1000 3678 1089 3749 Igitur
1110 3683 1158 3734 aut
1180 3679 1233 3734 hoc
1260 3696 1373 3752 quoque

187 3768 410 3836 emendandum,
440 3773 486 3823 aut
505 3788 612 3840 arpenn
640 3770 817 3824 retinendum
836 3773 890 3824 est.
925 3767 995 3824 Mihi
1013 3768 1129 3838 quidem
1147 3771 1299 3838 succurrit,
1321 3769 1373 3826 hoc

186 3856 248 3910 loco
266 3856 389 3911 describi
401 3860 574 3914 venenaret
588 3858 682 3914 valida
699 3857 895 3924 medicamina,
915 3871 988 3927 quae
1002 3855 1156 3926 Tisiphone
1176 3857 1204 3911 in
1220 3859 1373 3926 pernicicm

185 3944 283 3999 alicnis
301 3945 455 4000 miscuerit·
492 3943 551 3999 lam
569 3946 674 4017 siquis
693 3945 931 4012 consideraverit,
952 3960 968 3999 a
986 3942 1107 4000 Pacuvio
1126 3944 1215 4000 tuisse
1231 3946 1373 4015 conscrip-

187 4037 244 4088 tum
256 4031 409 4088 Armorum
421 4033 563 4101 iudicium,
574 4032 753 4101 Duloresten,
767 4034 887 4092 tortasse
899 4031 1046 4100 Medeam;
1061 4033 1097 4087 ab
1108 4032 1185 4089 Attio
1195 4033 1372 4103 Aegisthum,

186 4120 398 4189 Alcmaeonem,
418 4121 569 4175 Armorum
582 4123 730 4190 iudicium,
748 4121 894 4188 Medeam,
910 4119 1179 4190 Clytemnaestram,
1199 4120 1373 4178 Philocteteo

186 4198 215 4262 in
231 4209 360 4266 omnibus
372 4208 416 4266 his
430 4210 582 4280 tragoediis
596 4213 642 4267 tali
656 4211 838 4280 descriptioni
857 4211 934 4265 locus
948 4210 1008 4278 tuit,
1029 4213 1058 4265 ut
1072 4211 1148 4265 turer
1167 4212 1215 4264 aut
1226 4210 1307 4265 Aiaci
1325 4215 1372 4267 aut

186 4295 282 4352 Oresti
298 4298 473 4364 iniiceretur,
493 4298 540 4353 vel
559 4313 698 4355 venenum
719 4300 986 4370 perniciosissimum
1005 4300 1186 4369 coqueretur·
1225 4294 1275 4353 Cui
1294 4300 1372 4355 varia

189 4385 315 4442 admixta
332 4385 420 4442 tuisse
437 4386 519 4443 tacite
537 4401 573 4442 ex
594 4383 687 4442 Ovidii
708 4391 770 4446 loco
788 4388 901 4446 Metam.
929 4388 961 4442 L.
977 4386 1041 4442 Vll.
1059 4403 1101 4442 vs.
1119 4384 1180 4438 260.
1198 4386 1371 4457 intelligitur.
