3242 5138
240 477 294 518 vul
647 458 697 514 DE
716 455 747 514 G.
762 455 900 514 LUCILII
919 459 1021 515 VI'IA.

239 619 311 670 cnm
330 620 427 668 annos
445 605 539 666 XLIV
558 609 650 664 natus
671 612 769 677 esset,
797 602 898 663 minor
921 609 996 664 natu
1011 619 1103 681 quam
1120 604 1266 668 Lucilius.
1287 606 1347 666 cfr.
1363 608 1427 668 Liv.

239 729 333 790 XXX.
349 727 398 789 50.
422 734 454 788 66
474 725 559 806 apud
584 727 724 787 Persium
751 723 935 785 8366111.
963 725 1168 804 praeponeretis
1194 743 1284 788 66666
1310 729 1429 790 Aristo-

238 847 357 928 phanes
373 847 474 924 audit,
497 849 637 927 quamvis
650 865 713 908 non
728 852 810 909 essct
824 851 926 907 aetate
947 851 1122 924 provectus.
1139 846 1197 908 616.
1214 825 1428 928 Aristophanis

239 973 304 1032 vita
325 988 342 1031 a
365 951 687 1048 Nankioconscripta
710 987 742 1047 p.
764 967 827 1028 XC.
859 968 958 1028 Nolim
987 985 1120 1055 urgere,
1149 969 1189 1028 ah
1214 969 1282 1048 ipso
1306 971 1431 1038 Horatio

238 1095 392 1154 seniorem
409 1095 569 1170 pectorum
591 1089 764 1158 turbemin
785 1089 971 1174 universum.
988 1107 1045 1169 pro
1059 1090 1215 1168 prioribus
1235 1089 1307 1164 dici,
1329 1093 1427 1153 Serm.

239 1217 262 1275 l.
280 1216 327 1276 10.
343 1215 392 1277 67.
406 1214 568 1274 Platonem
581 1211 777 1272 reverentiae
792 1226 885 1272 causa
900 1211 983 1290 apu'd
997 1211 1168 1276 Martialem
1182 1213 1238 1290 Ep.
1254 1213 1318 1274 Vll.
1334 1212 1386 1274 ts.
1398 1214 1427 1274 5.

238 1335 459 1396 Callimachum
488 1331 572 1412 apud
602 1333 733 1394 stallum
767 1315 839 1393 silv.
866 1334 889 1392 l.
915 1333 993 1429 100.Ι
1020 1339 1135 1396 senem‘
1157 1335 1318 1412 appellari.
1361 1337 1429 1414 lpse

238 1454 365 1529 Cicero,
396 1456 451 1516 uhi
472 1447 650 1518 (16861666
665 1461 697 1516 66
715 1454 875 1516 Pisistrato
901 1453 1048 1533 loquitur,
1079 1454 1159 1518 haec
1180 1455 1285 1517 addit:
1315 1463 1377 1529 „nt
1396 1454 1430 1516 hi

239 1577 382 1656 quidem,
403 1584 439 1637 ut
456 1577 563 1656 populi
582 1576 712 1636 Romani
734 1582 820 1638 aetas
840 1582 903 1649 est,
923 1593 1032 1650 senes,
1054 1583 1089 1638 ut
1107 1575 1343 1639 Atheniensium
1363 1594 1431 1640 sae·

238 1700 310 1760 cula
322 1703 540 1771 numerantur,
553 1698 767 1760 adolescentes
781 1697 897 1758 debent
912 1697 1045 1759 videri.''
1066 1698 1123 1760 616.
1141 1699 1204 1760 Cic.
1221 1701 1306 1760 Brut.
1322 1701 1360 1760 X.
1376 1699 1425 1760 lt0.

242 1819 337 1898 quid?
357 1819 439 1897 quod
458 1821 593 1882 omnium
606 1820 730 1880 illorum
745 1819 978 1894 vocabulorum,
994 1837 1074 1898 quae
1087 1819 1227 1883 diversos
1239 1822 1349 1885 aetatis
1361 1839 1433 1901 gra·

238 1940 297 2004 dus
323 1943 582 2021 complectuntur,
603 1942 919 2014 ceremonensem,
941 1943 1198 2014 adolescentulos,
1223 1961 1318 2022 puer,-
1346 1943 1429 2023 apud

237 2079 344 2124 omnes
364 2061 532 2140 scriptores
550 2061 728 2123 liberrimus
747 2079 821 2123 usus
837 2064 916 2123 estt
941 2063 1020 2124 Vide
1048 2082 1087 2126 ne
1107 2065 1209 2143 'plura
1236 2065 1429 2127 cumulemus

240 2183 348 2246 Barth.
364 2183 403 2244 ad
423 2187 499 2246 slat.
515 2183 588 2246 Silv.
604 2185 629 2243 l.
645 2184 674 2244 2.
690 2184 758 2244 065.
781 2181 891 2245 1166161.
906 2183 946 2245 ad
959 2184 1035 2245 Stat.
1051 2185 1124 2245 Silv.
1141 2186 1164 2244 l.
1181 2184 1247 2244 110.
1268 2185 1427 2260 06316661).

241 2302 281 2365 ad
304 2305 359 2366 Sil.
377 2305 476 2366 Italic.
498 2307 522 2365 1.
538 2305 605 2366 6516.
628 2319 708 2383 quae
727 2306 796 2366 loca
818 2305 986 2384 Vargesius
1005 2305 1147 2384 collegit;
1168 2307 1245 2367 llus.
1261 2305 1361 2368 Nhen.
1377 2310 1427 2368 lll.

240 2425 268 2485 1.
285 2442 317 2503 p.
332 2413 400 2486 515.
416 2424 962 2505 (1856.)66106636068666666610.
978 2426 1050 2494 Litt.
1069 2428 1191 2488 lenens.
1209 2428 1425 2490 {sentuoso

237 2546 367 2624 Ephem.
386 2547 527 2626 Gotting.
549 2547 635 2608 1815.
668 2549 724 2609 No.
740 2547 789 2608 00.
819 2544 937 2608 Barthii
963 2547 1085 2609 advers.
1111 2549 1202 2609 XLll.
1231 2549 1288 2622 193
1319 2553 1351 2610 L.
1376 2551 1423 2611 ln.

237 2673 269 2728 et
296 2667 335 2729 dc
361 2667 661 2732 Graeco-vocabulo
685 2667 792 2750 ’γέρων
820 2668 962 2732 Eustalh.
986 2687 1018 2748 p.
1034 2669 1100 2730 107.
1125 2671 1181 2741 11;
1212 2671 1339 2732 Ilomer.
1369 2671 1424 2732 Ed.
1485 2726 1487 2732 .

236 2788 343 2866 IIcyne
363 2791 797 2869 1161.111.ρ.170.606.600.
817 2825 848 2836 -
873 2791 971 2871 Igitur
989 2809 1030 2853 ne
1052 2793 1131 2854 senis
1151 2791 1277 2870 quidem
1291 2795 1428 2873 appella·

236 2910 290 2982 tio,
320 2927 381 2988 qua
405 2911 549 2971 Horatius
569 2911 719 2971 Lucilium
741 2911 873 2983 ornavit,
897 2913 1040 2990 spiritum
1059 2912 1104 2972 illi
1124 2929 1293 2991 prorogare
1312 2922 1425 2992 potest.

235 3031 342 3108 Neque
362 3029 519 3092 diversum
533 3029 572 3091 de
591 3031 700 3091 Lucilii
720 3036 822 3091 366366
839 3030 915 3091 16616
934 3030 1084 3092 iudicium
1101 3032 1219 3092 Pliuius
1239 3033 1345 3106 llaior,
1372 3035 1425 3112 qui

235 3153 271 3212 N.
287 3152 326 3211 Η.
340 3151 477 3212 XXXVI.
494 3151 543 3212 61.
568 3150 647 3214 haec
667 3150 784 3214 hahet:
809 3151 1038 3230 „frequentata
1057 3152 1234 3231 pavimenta
1255 3160 1327 3214 ante
1346 3155 1428 3214 Gim-

239 3270 361 3332 hricum
381 3289 495 3352 magna
514 3274 615 3353 gratia
629 3274 812 3346 animorum,
833 3273 949 3336 iudicio
964 3279 1011 3336 est
1024 3273 1200 3336 Lucilianus
1213 3290 1341 3337 versus:
1363 3285 1428 3338 orte

236 3393 409 3471 6661666666
423 3401 511 3472 atque
531 3394 703 3458 emblemate
717 3396 946 3457 vermiculato.'’
970 3397 1014 3456 Nx
1027 3413 1089 3474 quo
1108 3397 1178 3458 loco
1196 3397 1222 3456 si
1235 3396 1314 3457 nihil
1330 3397 1425 3472 aliud,

237 3517 298 3579 hoc
319 3493 407 3580 certo
426 3524 531 3580 nostro
551 3518 620 3580 iure
644 3485 832 3598 colligimus,
853 3517 954 3578 Pliuio
974 3517 1078 3579 iudice
1097 3517 1247 3578 Lucilium
1267 3524 1338 3579 ante
1360 3519 1427 3580 hel-

236 3641 301 3700 lum
314 3640 502 3700 Cimbricum
521 3641 672 3702 floruisse.
712 3640 806 3717 ¹Quod
826 3641 908 3701 enim
926 3639 1036 3718 aliquis
1056 3645 1189 3711 statuat,
1218 3645 1339 3700 tantum
1358 3657 1426 3702 636-

237 3777 327 3833 men,
361 3778 401 3821 cx
427 3777 488 3838 quo
513 3776 621 3822 versus
652 3760 707 3820 ille
741 3767 907 3839 excerptus
934 3763 990 3833 sit,
1024 3768 1096 3822 ante
1122 3761 1155 3822 id
1181 3767 1303 3838 tempus
1330 3759 1425 3825 luisse

239 3882 452 3961 compositum,
474 3879 553 3944 hacc
576 3880 689 3942 calculi
707 3880 818 3960 religio
838 3882 1015 3964 longissime
1035 3883 1124 3943 abest
1149 3897 1166 3942 3
1187 3882 1278 3952 Plinii
1297 3899 1429 3946 cousue-

236 3999 356 4076 tudine,
379 4002 432 4080 qui
446 4003 520 4065 satis
539 4001 636 4076 hahet
656 4009 775 4066 aetates
789 4002 975 4082 scriptorum
996 4010 1138 4076 notasse,
1161 4004 1275 4066 nedum
1289 4006 1426 4084 singulos

234 4123 356 4186 libellos
376 4124 415 4187 ad
434 4123 587 4185 calculum
607 4132 747 4186 revocet.
789 4127 854 4216 lam
882 4125 908 4186 si
927 4123 1003 4186 belli
1023 4125 1168 4188 CimhrIci
1193 4127 1316 4188 initium
1336 4125 1426 4204 ponIs

236 4245 391 4308 funestam
413 4244 498 4306 illam
523 4245 660 4320 cladem,
694 4264 712 4308 3
739 4247 777 4324 Q.
800 4246 955 4327 caepione
978 4253 1011 4309 et
1031 4249 1085 4310 (In.
1110 4249 1221 4310 lianlio
1244 4249 1278 4308 in
1298 4246 1425 4308 Tolosa-

235 4366 311 4428 tium
342 4365 456 4437 finihus
485 4374 663 4446 acceptam,
692 4367 789 4448 ipsius
815 4368 908 4430 Plinii
942 4368 1091 4432 iudicium
1123 4367 1303 4447 Hieronymi
1331 4366 1425 4430 tidem
