3290 5130
273 455 380 496 uurvr
651 427 701 486 DE
721 426 918 485 ounutouu
937 425 1085 486 Lucrati.

274 585 527 664 disputauerunt,
550 595 611 638 non
625 583 704 656 opus
716 576 792 648 luit,
817 581 853 636 ut
871 573 1088 636 Doederlinius
1106 573 1147 634 ad
1169 574 1351 636 varietatem
1371 575 1470 658 signi-

273 705 428 768 ficationis
448 697 716 780 interpretandam
734 714 796 759 non
809 698 908 758 solum
921 697 1006 758 odore
1019 695 1075 758 sed
1095 697 1190 758 etiam
1210 693 1297 776 ἄση,
1314 694 1465 773 ducenti,

273 819 360 910 ἧκα,
384 821 537 910 ἥσυχος,
565 823 678 893 accitus,
707 822 823 890 uictus,
856 816 962 900 ἀητός
988 791 1200 898 compararet3
1227 822 1324 881 multo
1348 820 1466 882 rectius

275 953 357 1011 enim
378 948 488 1026 aliquis
512 947 613 1019 dicat,
643 943 725 1022 quod
751 944 783 1002 in
810 942 907 1003 verbo
921 944 1013 1006 cdere,
1036 944 1129 1003 etiam
1142 941 1284 1003 'satiandi
1306 941 1350 1004 sit
1367 943 1464 1015 notio,

273 1071 346 1131 inde
366 1087 463 1130 uorum
484 1077 515 1130 et
534 1068 716 1148 fastidiosus
736 1060 798 1126 uon
821 1067 864 1126 ita
886 1067 1016 1127 multum
1037 1065 1163 1127 disture.

354 1194 397 1252 Ex
417 1193 536 1252 Graeco
562 1196 634 1251 sunt
660 1188 828 1260 translata,
856 1190 984 1259 icterias,
1011 1189 1113 1259 dolus,
1138 1196 1302 1266 petuurus,
1332 1189 1465 1260 rodium,

277 1316 443 1392 uuqurius,
472 1311 634 1381 peucetius,
663 1310 806 1381 Gordius,
840 1311 960 1388 rupium
972 1332 982 1382 ,-
1011 1309 1066 1370 sed
1091 1312 1284 1389 quartarius,
1308 1314 1466 1392 uqruriut,

274 1451 405 1514 ruerpus,
433 1434 610 1505 utixtorius,
639 1447 785 1505 cernuus,
814 1433 908 1494 solius
934 1433 1042 1494 Lucilii
1068 1441 1123 1494 aot
1147 1433 1188 1494 ab
1213 1451 1251 1494 eo
1274 1434 1371 1514 petita
1398 1449 1472 1496 esse·

276 1557 431 1628 videntur,
464 1555 652 1626 dulicarius,
681 1556 803 1634 pasellus
834 1557 928 1616 etiam
958 1555 1042 1636 apud
1071 1557 1214 1618 Plautum
1241 1558 1373 1617 Ennium
1402 1567 1464 1619 etc.

277 1687 456 1740 occurrunt.
486 1679 523 1737 Et
541 1679 660 1757 piperis
674 1677 758 1757 apud
778 1679 877 1738 solum
896 1678 1063 1751 Lucilium,
1086 1679 1266 1739 Petronium
1279 1686 1312 1740 et
1325 1679 1468 1758 Apicium

276 1809 419 1862 auctores
439 1801 616 1862 laudantur.
657 1803 764 1879 Neque
785 1801 956 1862 speretium
982 1801 1072 1875 alibi,
1105 1807 1137 1862 et
1162 1819 1292 1862 uoeuum
1312 1809 1345 1863 et
1366 1801 1467 1862 iritum

276 1931 396 1985 tantum
412 1923 494 2002 apud
516 1923 744 2000 antiquissimos
756 1923 925 2002 scriptores
945 1924 1069 2005 legitur.
1086 1945 1089 1952 ·
1109 1921 1277 1985 Praeterea
1297 1923 1345 1982 od·
1357 1923 1465 1994 incita,

276 2045 301 2105 si
321 2043 418 2104 Codd.
439 2042 517 2104 fides
539 2042 700 2115 habenda,
722 2044 805 2103 solus
825 2045 960 2105 Lucilius
980 2047 1094 2108 dixisse
1108 2047 1242 2108 videtur.
1265 2046 1362 2108 oe'teri
1383 2045 1467 2106 euim

281 2165 321 2228 ad
344 2167 454 2230 incitus
475 2171 619 2236 tuentur;
641 2165 680 2227 de
693 2168 828 2245 rapiatur
841 2172 873 2226 et
886 2168 1049 2226 murrinum
1068 2168 1130 2227 iam
1149 2185 1243 2246 supra
1257 2167 1466 2249 exposuimus.

277 2288 338 2350 Sed
359 2287 543 2366 significatio
562 2286 686 2346 insolita
706 2292 755 2347 est
779 2288 831 2345 in:
861 2289 995 2358 senium,
1020 2289 1043 2347 i.
1066 2305 1095 2348 c.
1118 2288 1273 2361 taedium,
1300 2291 1466 2362 schedium,

274 2409 417 2487 folliculo
439 2408 464 2470 i.
478 2425 507 2468 e.
528 2423 681 2486 corpore;
706 2408 949 2486 peniculorueuto
969 2408 990 2471 i.
1006 2425 1035 2468 e.
1058 2406 1179 2480 cauda;
1203 2417 1303 2471 rostro
1321 2413 1344 2472 i.
1361 2429 1389 2473 e.
1413 2399 1469 2474 ore

189 2526 193 2537 '
276 2537 307 2591 et
324 2530 442 2608 protelo
455 2529 510 2591 ubi
530 2531 597 2592 iere
617 2530 700 2593 idem
715 2515 799 2610 quod
814 2531 956 2610 protimus
974 2529 1144 2610 significat,
1165 2529 1295 2592 saburrus
1315 2550 1373 2611 pro
1386 2551 1470 2595 sam-

275 2645 391 2729 bucus,
421 2664 453 2716 et
480 2655 632 2716 muudus.¹
666 2657 700 2715 ln
731 2655 823 2717 tertia
853 2653 1062 2715 declinatione
1092 2653 1200 2713 Lucilii
1214 2659 1216 2666 ’
1230 2653 1357 2733 propria
1384 2666 1467 2730 sunt,

276 2778 410 2859 primum
431 2778 578 2857 frequens
592 2785 665 2840 ustis
684 2777 947 2840 substantivorum
965 2776 999 2837 iu
1019 2795 1036 2836 o
1056 2776 1279 2849 desinentium,
1304 2796 1334 2839 v.
1349 2795 1377 2842 c.
1394 2781 1470 2840 trice

275 2905 417 2976 mursimo,
440 2904 536 2971 lurco,
558 2903 688 2972 conredo,
710 2901 852 2972 teuedriu,
875 2900 993 2970 cotillu,
1008 2899 1128 2970 subulo,
1146 2899 1343 2978 pulliprcmo,
1359 2919 1469 2980 coppo,

276 3027 400 3095 maudo,
422 3025 552 3102 plutino,
572 3023 655 3082 muto
675 3023 691 3099 (
694 3021 871 3100 tumultui),
899 3022 1029 3108 plutino,
1050 3021 1164 3093 otrodo,
1189 3017 1294 3095 moco3
1320 3021 1469 3086 substan-

277 3147 340 3206 tiva
360 3144 393 3205 in
414 3161 469 3203 or:
494 3143 664 3214 bovinator,
684 3151 871 3214 discrutatur,
892 3145 1012 3222 ptyror,
1040 3143 1168 3224 facitur,
1196 3156 1344 3225 acceptor,
1372 3147 1469 3226 pluti-

277 3274 379 3337 uotor,
400 3265 584 3338 sarcinator,
606 3266 703 3343 ripor,
721 3267 841 3345 niqror,
863 3265 972 3345 limfcr
982 3287 993 3339 ,·
1013 3266 1046 3326 in
1060 3285 1116 3328 ua:
1136 3269 1312 3347 aquoilitus,
1328 3269 1469 3342 Curinus,

279 3390 410 3459 Brutos,
430 3389 546 3460 sotium
570 3387 690 3466 singula
710 3394 801 3448 suut:
825 3387 942 3466 lorpes,
961 3388 1025 3461 ltir,
1046 3398 1184 3469 seperire,
1211 3393 1364 3470 mietyrr's,
1395 3393 1470 3451 uiti-

278 3513 351 3591 liqo,
380 3511 485 3582 rodus,
515 3511 667 3588 petimen:
699 3509 739 3570 ad
768 3510 933 3572 flexionem
966 3518 1128 3590 speciant:
1160 3511 1295 3591 lupatio,
1320 3514 1415 3588 utria,
1437 3522 1473 3574 ut

280 3632 364 3712 apud
384 3623 502 3694 Livium
517 3631 738 3706 Andronicum,
761 3649 883 3694 utuuere
897 3634 945 3713 (i)
958 3633 1046 3713 [uiui
1064 3635 1205 3712 plectum,
1227 3637 1359 3713 capitul,
1378 3635 1474 3697 solem

279 3771 438 3825 cruorum,
460 3771 576 3832 unques
593 3754 762 3831 primores,
786 3755 912 3834 pinquis
932 3771 1003 3834 geu.
1019 3773 1044 3815 s.
1064 3754 1288 3834 suscipiuntque
1310 3755 1362 3834 (i)
1381 3771 1412 3835 g.
1428 3756 1470 3836 pl.

279 3893 367 3938 cauus
389 3893 447 3956 pro
467 3879 504 3938 iu.
1300 3877 1303 3882 ’

358 3999 392 4058 ln
411 4003 522 4076 quarta
546 3999 754 4060 declinatione
777 3999 982 4078 antiquiorem
1003 3998 1131 4058 sormam
1147 4001 1227 4078 ulpu
1248 4001 1390 4072 retinuit,
1418 4000 1473 4062 sed

281 4121 399 4182 nullum
420 4121 596 4199 exernplum
616 4119 746 4200 genitivi
764 4123 797 4183 in
819 4123 867 4181 ute
888 4121 938 4181 vel
956 4120 989 4180 in
1009 4123 1021 4180 i
1042 4119 1210 4184 desinentis
1231 4122 1396 4194 laudatur-3
1418 4120 1474 4183 sed

280 4241 419 4304 dativum
439 4244 470 4304 in
492 4262 513 4302 u
536 4245 711 4305 contraxit:
744 4261 807 4304 ouu
827 4259 928 4304 croceo.
950 4245 1033 4305 virtu
1053 4243 1117 4305 dat.
1140 4263 1170 4324 p.
1190 4245 1235 4306 tu
1255 4245 1275 4304 8
1287 4265 1295 4315 ;
1322 4243 1473 4306 eandem-

1626 476 1630 507 i

1631 593 1634 686 l
