3286 5126
285 425 339 466 m
484 405 537 462 nu
557 383 798 466 arnouso‘oue
816 401 1013 464 manorum
1031 403 1288 466 sacoannrrs.

285 551 430 626 tradunt,
461 551 602 614 Persium
629 548 832 614 uehementer
857 549 973 612 satiram
1001 550 1140 613 scrihere
1166 549 1323 614 studuisse
1352 551 1484 632 citaque

284 675 357 736 libri
375 674 496 736 initium
519 673 672 736 imitatum
693 691 772 748 esse,
787 672 846 736 sihi
865 672 977 752 primo,
999 690 1070 734 mox
1085 673 1227 736 omnihus
1240 673 1481 744 detrectantem.

284 799 354 859 lam
374 796 547 877 quaeritur,
568 812 650 876 quae
670 795 766 858 luerit
785 789 837 856 illa
857 795 1012 857 imitatio?
1051 795 1234 876 Suspdcatur
1254 797 1336 860 enim
1358 797 1484 861 lahnius

285 921 422 1000 (Proleg.
440 918 480 980 ad
499 918 638 983 Persium
658 936 691 998 p.
708 917 827 994 wll),
850 916 936 978 illum
952 915 983 978 id
997 934 1152 996 quoquea
1173 918 1290 980 Lucilio
1303 919 1481 998 sumpsisse,

284 1049 321 1104 ut
340 1042 522 1122 prologum,
548 1038 733 1102 oholiaruhis
753 1039 969 1119 compositum,
991 1039 1105 1102 satirae
1126 1040 1268 1102 versibus
1292 1039 1484 1107 hexametris

285 1163 420 1244 scriptae
439 1163 647 1244 proposuerit.
671 1162 783 1239 ¹<luam
798 1161 838 1222 ad
858 1162 1070 1224 coniecturam
1084 1160 1328 1228 confirmandam
1343 1163 1484 1231 Petronii

284 1286 381 1351 uerba
400 1286 465 1349 Sat.
480 1287 520 1346 lV
540 1303 606 1364 sqq.
634 1283 762 1348 laudat:
793 1283 851 1346 sml
876 1299 914 1346 ae
940 1302 987 1346 me
1010 1292 1098 1364 pates
1122 1285 1309 1364 improbasse
1327 1285 1491 1350 schedium.

285 1408 466 1470 hrtcilionoe
499 1406 722 1486 improbitatis,
753 1407 833 1486 qood
862 1407 976 1478 sentio,
1007 1415 1035 1468 et
1063 1408 1128 1486 ipse
1155 1407 1291 1472 carmine
1321 1405 1481 1488 efliopem.

284 1531 362 1593 Tum
379 1529 520 1607 sequitur
539 1546 671 1608 parvum
693 1545 820 1608 poema,
848 1528 1088 1607 quatuordeeim
1113 1528 1256 1592 versibus
1280 1526 1482 1604 hexametris,

285 1670 362 1734 quos
385 1651 581 1733 praecedunt
606 1659 677 1717 octo
704 1651 885 1714 oholiamhi.
933 1654 1102 1716 Praeterea
1133 1651 1216 1732 apud
1247 1652 1413 1731 Apuleium
1441 1651 1483 1716 aa

285 1775 345 1840 deo
365 1776 452 1840 socr.
475 1794 507 1856 p.
522 1775 590 1840 dot.
612 1777 689 1838 lilm.
718 1774 798 1838 haec
825 1779 995 1858 leguntur:
1028 1776 1120 1850 „Sed
1148 1782 1183 1836 ut
1208 1793 1257 1838 me
1287 1774 1483 1839 omnihriau

284 1898 451 1973 messias,
474 1899 567 1964 etiam
587 1899 621 1960 iu
640 1900 716 1973 isto,
740 1906 775 1960 ul
795 1899 838 1962 ait
850 1899 1014 1972 Lucilius,
1039 1895 1166 1961 schedio
1187 1905 1222 1981 et
1239 1897 1398 1972 incondito
1422 1915 1480 1960 ex·

287 2020 435 2102 pemmini
448 2069 452 2076 .
464 2037 505 2082 an
524 2021 609 2082 idem
629 2021 686 2082 dm
706 2021 908 2100 repentinus,
936 2021 989 2100 qui
1009 2019 1246 2100 praeparatus.”
1286 2019 1374 2085 Unde
1396 2025 1484 2082 recle

286 2141 413 2223 quidem
430 2142 490 2204 hoe
509 2142 659 2221 colliges,
687 2141 873 2206 vocabulum
898 2141 1051 2202 schedium
1079 2159 1096 2202 a
1125 2141 1243 2203 Lucilio
1269 2140 1366 2204 sulse
1388 2159 1481 2204 roure.-

286 2271 416 2344 patu-m,
439 2263 524 2344 quod
540 2281 636 2344 supra
649 2263 793 2325 vidimus.
822 2263 882 2324 Sed
897 2261 1027 2324 fortasse
1048 2263 1159 2341 aliquis
1177 2263 1292 2326 adduci
1315 2265 1429 2344 possit,
1449 2272 1486 2328 ut

286 2391 376 2464 putet
400 2383 440 2446 ah
464 2385 532 2465 ipso
554 2401 678 2464 quoque
707 2383 823 2446 Lucilio
843 2383 995 2446 eiusmodi
1020 2381 1158 2444 carmina
1178 2383 1297 2446 leviora
1318 2387 1484 2465 aliquoties

289 2504 390 2568 luisse
404 2506 593 2585 composita:
619 2505 675 2568 sed
694 2505 874 2584 neutiquam
897 2505 971 2568 inde
990 2505 1141 2584 sequitur,
1159 2491 1252 2568 etiarn
1270 2505 1384 2568 librom
1399 2509 1487 2570 deei-

286 2646 373 2692 mum
394 2635 569 2692 saturarum
588 2625 750 2692 schedium
765 2627 890 2708 aliquod
911 2627 1152 2692 oholiamhicum
1171 2629 1384 2694 antecessisse.
1414 2630 1485 2700 alis

288 2750 372 2814 euim
395 2751 464 2814 eius
483 2759 596 2832 poetae
616 2752 697 2819 ratio
719 2725 784 2827 est,
807 2752 860 2833 qui
879 2752 999 2833 primm
1019 2751 1059 2814 ed
1078 2752 1187 2832 poesin
1208 2751 1401 2832 aggreditur,
1423 2753 1483 2817 alis

287 2874 371 2948 eius,
399 2874 452 2954 qui
478 2875 574 2939 multo
601 2882 675 2938 oute
700 2875 838 2938 earmina
864 2876 1047 2956 composuit.
1090 2875 1239 2954 Quamuis
1265 2873 1362 2954 igitur
1394 2874 1482 2944 initia

215 2999 216 3002 ’
287 2994 360 3074 phri
378 2997 513 3078 Lucilius
527 2997 638 3078 etipse
652 2995 691 3060 de
711 3015 744 3058 se
768 2996 960 3070 detraxerit,
982 3003 1086 3058 museo
1107 3015 1177 3059 eum
1198 2996 1381 3074 choliamhis
1399 2995 1481 3068 haee

288 3117 476 3200 expressisse
495 3137 559 3182 nou
583 3118 770 3199 putaverim.
813 3117 896 3196 Quid
915 3117 1000 3198 quod
1020 3117 1205 3180 scholiastae
1225 3118 1271 3180 illi
1291 3094 1481 3182 choliamhos

288 3257 329 3302 ae
348 3241 522 3320 respexisse
542 3241 668 3320 quidem
688 3239 858 3304 videntur?
890 3241 974 3302 lncst
996 3239 1080 3302 euim
1099 3239 1133 3300 in
1146 3239 1244 3320 ipsios
1258 3241 1377 3304 Satirae
1393 3241 1481 3305 initio

290 3361 477 3437 sententiae,
493 3379 592 3442 ,quem
612 3362 657 3424 illi
677 3368 843 3436 notarunt,
865 3361 1061 3442 significatio,
1083 3362 1176 3424 itaut
1191 3377 1253 3424 nou
1272 3364 1481 3430 necessarium

289 3503 358 3550 esee
382 3484 527 3548 videatur
555 3484 595 3548 ad
623 3483 816 3548 eholiamhos
843 3485 912 3573 illos
943 3484 1127 3565 confugere.
1173 3485 1235 3548 Sed
1265 3485 1421 3550 Lucilium,
1442 3486 1482 3555 de

288 3606 376 3671 Accii
395 3615 428 3670 et
447 3608 492 3674 de'
507 3607 596 3670 Ennii
617 3608 759 3670 versibus
778 3609 810 3670 in
831 3608 953 3671 decima
974 3607 1070 3670 satira
1090 3606 1189 3686 egisse
1210 3607 1304 3670 eliam
1317 3607 1481 3672 scholiasta

289 3729 475 3792 lloralianus
501 3729 540 3791 ad
564 3731 594 3792 S.
612 3731 634 3791 l.
656 3730 703 3791 lo.
727 3729 868 3797 testetur.
910 3728 971 3792 Sed
1004 3730 1036 3789 in
1063 3729 1263 3810 fragmentis,
1293 3741 1372 3810 quae
1398 3747 1481 3794 uunc

290 3857 429 3925 exstant,
452 3851 496 3913 nil
517 3853 579 3918 tale
603 3851 771 3926 inveneris,
794 3867 891 3931 quare
912 3869 949 3917 es
970 3852 1099 3914 incertis
1117 3853 1236 3914 lll—V.
1259 3851 1298 3914 do
1312 3851 1437 3914 Alhutio
1451 3860 1484 3916 et

289 3973 389 4036 lluoio
414 3975 495 4035 Vlll.
524 3975 564 4038 de
594 3975 755 4047 Africano,
783 3973 902 4036 CthX
921 3974 961 4036 de
982 3975 1108 4048 Crasso,
1137 3975 1280 4036 clxxix
1306 3974 1345 4037 de
1366 3975 1481 4039 Granio

289 4104 321 4160 et
339 4096 417 4160 illud
437 4114 476 4158 ex
496 4099 664 4160 quenale:

444 4251 520 4284 .=...
537 4221 632 4284 Gaias
651 4237 714 4284 aon
733 4222 830 4287 cacco
850 4221 948 4284 dicere
968 4223 1103 4282 nomen?
1159 4289 1162 4294 ,

290 4393 293 4404 ,
355 4382 358 4389 ·
443 4342 527 4424 Quia
547 4343 643 4426 refert
661 4345 750 4436 dietis
770 4345 908 4426 manacta
927 4343 1043 4408 Mattius
1063 4361 1103 4406 cn
1124 4346 1210 4410 aaa?
