3286 5126
293 457 357 502 cm
619 431 721 502 QUAE
740 427 970 494 auctotarite
988 431 1164 492 SATUBAE

290 584 441 666 idyllicae
460 587 498 645 ut
522 587 698 644 ceterarum
726 596 833 642 rerum
858 579 996 644 omnium
1019 579 1108 642 intua
1137 585 1170 641 et
1190 583 1304 643 a'uctus
1325 585 1359 642 et
1375 578 1488 645 decre-

294 713 414 770 menta.
454 705 492 766 lit
520 704 609 766 initia
633 701 759 782 quidem
785 699 948 781 utriusque
972 703 1017 764 ita
1043 708 1118 765 sunt
1149 707 1349 782 comparata,
1376 707 1413 763 ut
1437 699 1488 764 rel

294 827 434 891 medium
453 825 608 906 quoddam
632 825 804 887 carminum
830 841 931 905 genas
947 831 1110 898 nascatur,
1139 823 1239 904 qood,
1270 839 1366 902 quum
1395 829 1489 902 poeta

296 951 341 1013 nil
355 949 439 1011 aliud
459 955 678 1029 praeterquam
691 964 743 1009 res
761 945 851 1027 ipsas·
865 946 1024 1026 vitamque
1043 945 1236 1019 mortalium,
1258 943 1488 1024 quoquomodo

296 1093 331 1138 se
352 1074 520 1136 habentem
543 1075 775 1150 repraesentet,
802 1085 862 1130 nec
880 1067 1041 1149 idyllicum
1060 1073 1148 1130 recte
1168 1065 1285 1128 dixeris
1303 1083 1363 1130 nec
1382 1067 1488 1130 satiri-

297 1215 389 1280 cum3
413 1195 464 1259 vel
486 1193 610 1258 satirica
631 1193 785 1274 quaedam
804 1196 858 1256 aot
877 1191 1004 1273 idyllica
1026 1189 1094 1254 aliis
1116 1189 1219 1270 poesis
1245 1187 1414 1272 generibus
1435 1187 1488 1250 in·

298 1299 479 1382 texuntur?
1046 1369 1048 1378 .
1192 1313 1195 1318 ’
1231 1371 1237 1378 .

312 1447 314 1454 ”
376 1439 498 1518 Quibus
511 1439 659 1520 expositis
672 1457 711 1502 er
723 1436 893 1502 Theocrito
906 1436 1048 1515 exempla
1060 1433 1270 1514 laudatldyll.
1286 1431 1390 1495 lVrV.
1405 1433 1486 1496 xiil.

299 1581 338 1624 ea
358 1561 477 1624 Lucilio
500 1561 555 1622 lib.
577 1561 631 1622 iit.
651 1561 691 1622 V.
713 1560 765 1622 ix.
787 1559 868 1621 XVl.
894 1557 1063 1638 additque:
1090 1557 1154 1618 Nec
1177 1573 1268 1618 secus
1284 1556 1435 1618 *Heredes
1454 1556 1488 1616 in

298 1681 493 1748 sermonibus
512 1681 610 1748 babet
634 1682 773 1744 carmina
794 1680 959 1756 nonnulla,
984 1696 1065 1760 quae
1090 1696 1148 1740 cur
1168 1679 1276 1744 sadus
1302 1678 1489 1742 adnumere-

299 1824 382 1880 mus,
413 1823 472 1886 ego
501 1823 551 1868 me
576 1805 722 1886 ignorare
742 1802 928 1868 confiteor.'’
972 1775 1123 1878 Nimirum
1140 1774 1298 1883 ,persuasit
1314 1800 1375 1864 sibi
1394 1799 1488 1864 homo

299 1929 353 1991 ilie
363 1928 572 2002 doctissimus,
588 1927 762 1999 satiricum,
779 1943 859 2005 quae
873 1923 1002 2000 dieitur,
1017 1925 1129 2005 poesin
1148 1925 1255 2004 utique
1270 1921 1488 1986 adoriemur

299 2047 461 2110 hominnm
481 2049 556 2112 vitia
577 2055 609 2110 et
626 2049 666 2109 ad
686 2047 941 2130 perstringendos
961 2051 1184 2128 perversorum
1208 2047 1369 2116 bominum
1387 2065 1490 2112 mores

255 2151 258 2159 ¹
299 2171 475 2250 peroraro:
510 2173 588 2234 'lum
607 2187 670 2233 non
690 2170 844 2232 intellexit
863 2185 896 2231 se
917 2167 1087 2249 pugnantia
1106 2167 1210 2250 toqoi,
1232 2170 1406 2250 quod-cum
1424 2174 1491 2233 me'-

302 2292 388 2354 dium
407 2293 484 2354 illud
508 2293 610 2372 poesis
631 2309 730 2371 genus
753 2291 794 2351 ab
811 2291 915 2372 initiis
942 2296 1118 2370 repeteret,
1145 2297 1250 2353 tamen
1279 2291 1348 2372 ipsa
1372 2291 1492 2354 Horatii

298 2415 435 2476 carmina
465 2413 515 2476 his
540 2413 767 2474 adnumeravit.
809 2413 934 2474 Scilicet
957 2427 1032 2475 vcra
1060 2413 1190 2476 Saturae
1217 2411 1374 2475 Romanae
1405 2415 1491 2477 notio

220 2563 223 2568 ·
298 2549 362 2596 non
390 2551 410 2596 a
442 2537 653 2599 recentiorum
679 2532 935 2616 philosophorum
961 2523 1120 2598 cathedris
1145 2534 1201 2597 sed
1227 2539 1267 2596 ex
1292 2533 1492 2614 diligentiore

296 2655 473 2720 litterarum
493 2657 671 2722 Latinarum
690 2657 794 2719 studio
814 2658 988 2738 repetenda
1012 2665 1071 2722 est.
1111 2659 1219 2738 Neque
1242 2664 1305 2718 tam
1331 2657 1372 2719 ad
1394 2657 1490 2720 vitio·

298 2793 370 2840 rum
390 2779 566 2842 irrisionem
585 2786 617 2841 et
636 2779 675 2841 ad
689 2791 837 2842 'severam
859 2794 980 2842 morum
1009 2797 1173 2844 censuram
1198 2787 1341 2856 veterum
1365 2781 1492 2845 illorum

295 2901 476 2964 ¹latinorum
497 2901 592 2962 animi
611 2901 849 2978 erantintonti,
870 2919 963 2982 quam
987 2903 1052 2965 risu
1073 2903 1206 2984 iocoque
1226 2904 1327 2966 soluto
1344 2903 1490 2966 delecta·

297 3021 423 3097 bantur,
455 3029 487 3084 et
511 3023 682 3087 inconditis
707 3025 848 3088 versibus
873 3021 1023 3088 iocularia
1049 3025 1244 3099 fundebant3
1274 3044 1352 3108 quos
1381 3033 1490 3107 postea

167 3137 169 3142 ’
296 3144 409 3206 inritati
428 3153 540 3225 poetae
560 3145 699 3222 facetiis,
732 3147 857 3210 dicendi
882 3149 1007 3229 lepore,
1035 3150 1219 3225 dicacitate,
1251 3157 1344 3230 atque
1372 3149 1491 3213 testivi-

168 3287 170 3292 ·
297 3272 362 3328 tate
388 3267 537 3328 orationis
568 3269 701 3348 gratiam
729 3271 900 3350 legentium
926 3272 1106 3352 captabant:
1145 3275 1171 3333 A
1196 3279 1257 3352 qu'o
1287 3271 1388 3335 audio
1417 3288 1488 3334 eum

297 3387 427 3452 libertas
446 3390 508 3451 oris
529 3388 638 3453 abesse
658 3409 722 3455 non
742 3395 854 3473 possit,
877 3396 993 3476 quippe
1013 3407 1093 3474 quae
1113 3395 1146 3456 in
1164 3395 1240 3475 ipsis
1258 3395 1393 3458 civitab's
1410 3393 1492 3458 libe·

298 3527 354 3574 rae
366 3511 505 3574 moribus
524 3513 625 3593 posita
640 3523 748 3591 esset,
761 3518 892 3580 accessit
911 3517 1010 3580 libera
1022 3517 1076 3580 illa
1096 3518 1310 3598 perversitatis
1328 3517 1491 3580 bominum

300 3635 466 3716 castigitio,
488 3653 528 3698 ex
546 3643 608 3717 qua
628 3655 691 3700 non
710 3647 779 3702 tum
796 3641 937 3708 utilitatis
960 3641 1081 3704 tructos
1100 3655 1192 3720 quam
1206 3639 1436 3704 'humanissima
1459 3646 1492 3706 et

296 3752 512 3820 liberalissima
532 3759 699 3822 delectatio
721 3767 894 3842 peteretur.

373 3875 420 3942 Ne
447 3881 516 3961 quis
540 3883 636 3964 igitur
666 3885 845 3948 Lucilianae
869 3885 1019 3948 credonis
1045 3883 1246 3951 festivitatem
1275 3883 1316 3946 ud
1344 3881 1493 3946 didabiici

299 4001 448 4064 carminis
465 4014 606 4068 normano
627 4007 741 4086 erigat.
783 4009 894 4072 Satura
916 4010 1015 4084 enim,
1038 4015 1074 4071 ut
1093 4025 1188 4089 supra
1207 4011 1411 4071 memoratum
1432 4013 1491 4081 est,

299 4139 338 4184 ea
361 4125 554 4190 Fescennina
575 4129 628 4192 illa
651 4129 808 4194 locutione
828 4133 980 4213 originem
1001 4133 1112 4208 traxit,
1133 4149 1213 4212 quae
1236 4130 1378 4194 versibus
1396 4131 1493 4192 aiter·

300 4246 348 4310 nis
368 4248 538 4330 opprobria
560 4251 676 4316 rustica
705 4253 805 4328 fodita
832 4253 1036 4334 quibuscum
1056 4255 1178 4319 solutio
1204 4259 1238 4316 et
1256 4253 1331 4314 artis
1351 4251 1491 4314 ludicrae
1544 4234 1548 4242 ’

300 4381 484 4436 ornamenta
504 4375 723 4453 accessissent,
745 4377 821 4444 inde
841 4384 962 4442 certum
985 4375 1141 4460 quoddam
1160 4375 1227 4441 ludi
1253 4373 1369 4438 scenici
1393 4391 1492 4456 genua
