3286 5126
286 441 362 484 trra
486 425 537 486 BE
554 423 797 486 stimulorum
812 424 1009 485 Ltunontttt
1026 423 1282 486 incurreritis,

287 589 349 634 non
373 571 457 643 enim
473 590 565 635 suum
591 589 676 646 esse,
706 589 742 634 re
770 571 802 632 iu
832 571 970 644 secunda
998 573 1108 636 tollere
1129 572 1266 633 animum
1286 578 1318 634 et
1342 572 1376 634 in
1399 573 1481 636 mala

287 693 451 758 demittere
474 695 608 758 xxxix.
641 693 732 772 Quod
747 694 830 756 euim
842 695 910 774 ipse
930 693 1096 756 amicitiam
1113 701 1145 756 et
1162 693 1356 756 inimicitiam
1376 712 1481 776 prom-

286 825 371 898 ptam
400 818 433 878 in
463 818 566 880 trente
595 823 685 898 gerat
714 816 753 878 ir.
778 819 816 878 ll.
849 816 923 878 dum
953 816 1006 877 alii
1036 833 1155 879 summa
1173 818 1320 881 cautione
1338 825 1478 894 utantur,

286 939 326 1002 tr.
340 942 391 1003 lX.
413 940 640 1020 quodsemper
659 939 699 1000 ab
720 939 803 1000 omui
823 939 950 1002 levitate
972 939 1109 1013 alienus,
1130 938 1164 1000 id
1184 939 1358 1015 studuerit,
1378 949 1413 1004 ut
1431 941 1479 1003 vi-

255 1126 262 1137 ,
286 1079 356 1124 rum
375 1063 489 1125 fortem
508 1069 602 1143 atque
616 1067 812 1124 constantem
832 1079 866 1124 se
886 1061 1039 1142 praebent
1056 1062 1096 1124 ir.
1116 1063 1140 1122 l.
1164 1079 1235 1155 cum
1255 1061 1390 1143 denique
1410 1065 1480 1126 nul-

286 1187 345 1248 lius
365 1193 502 1264 unquam
524 1184 630 1246 delicti
660 1181 719 1246 sibi
741 1185 872 1264 gratiam
893 1184 1023 1258 iecerit,
1050 1183 1134 1248 baud
1159 1185 1250 1247 lacile
1279 1201 1297 1247 a
1326 1203 1359 1248 se
1388 1202 1479 1265 posse

285 1308 473 1387 impetrare,
503 1305 796 1387 utirnportunitati
829 1306 960 1367 aliorum
989 1307 1156 1368 malefacta
1184 1306 1348 1370 concedat.
1385 1307 1424 1370 ir.
1440 1310 1477 1370 V.

285 1430 325 1490 ir.
347 1429 543 1492 xtt.xv111.
576 1427 637 1490 Sed
664 1429 788 1489 illorum
815 1428 973 1489 hominum
999 1427 1196 1507 iniquitatem
1221 1430 1254 1490 iu
1282 1445 1320 1490 eo
1346 1430 1479 1492 menime

286 1554 392 1625 cerni,
415 1550 510 1630 quod,
536 1551 651 1630 quibus
664 1551 725 1631 ipsi
743 1549 888 1612 laborent
908 1550 1008 1624 vitiis,
1031 1567 1069 1612 ea
1091 1558 1242 1614 excusent
1260 1559 1353 1632 atque
1372 1552 1482 1614 deten-

285 1675 375 1750 deut,
399 1673 454 1736 sed
473 1675 499 1736 si
518 1690 599 1753 quae
622 1673 655 1734 in
676 1673 749 1734 aliie·
766 1671 867 1734 minus
888 1681 975 1735 recta
998 1672 1284 1753 deprehenderint,
1306 1691 1343 1736 ea
1364 1681 1480 1736 otver—

284 1795 333 1858 bis
356 1803 492 1878 augeant
511 1804 542 1858 et
561 1765 832 1859 vehementissime
853 1796 1049 1876 impugnent.
1079 1796 1120 1857 ir.
1141 1798 1236 1858 Xllll.
1267 1797 1411 1878 Magnam
1431 1805 1479 1859 ta·

284 1935 356 1981 men
377 1935 444 1982 esse
458 1919 625 1981 discrimen
639 1920 722 1982 inter
736 1919 856 1979 minora
871 1918 983 1980 delicta
999 1925 1032 1980 et
1046 1919 1221 1982 inveterata
1236 1919 1323 1982 vitia.
1339 1921 1380 1982 tr.
1395 1919 1476 1981 xtx.

285 2042 408 2102 xxvii.
437 2040 495 2102 cir.
524 2042 630 2102 llorat.
652 2041 682 2102 S.
704 2043 727 2100 l.
749 2041 838 2108 titt
853 2058 921 2120 sqq.
958 2043 1081 2120 „Atqui
1109 2043 1136 2104 si
1162 2042 1479 2141 vitiis'lmediocribus

218 2201 222 2210 ·
286 2181 323 2226 ao
336 2181 406 2226 mea
426 2152 696 2243 paucismendosa
712 2167 897 2234 aestuatum,
920 2161 1058 2240 alioquin
1078 2170 1186 2251 recta;
1207 2165 1294 2229 velut
1312 2167 1338 2226 si
1352 2165 1479 2246 egregio

287 2285 447 2365 inspersos
470 2282 643 2364 reprendas
667 2300 800 2363 corpore
824 2284 971 2346 naevos.”
1011 2285 1087 2346 Cum
1114 2285 1196 2346 enirn
1221 2287 1266 2346 nil
1288 2287 1329 2349 sit
1354 2289 1388 2348 in
1416 2289 1478 2350 viat

285 2408 476 2487 perfectum,
501 2406 534 2467 id
554 2423 622 2467 esse
647 2405 963 2486 praestantissimum,
985 2405 1068 2485 quod
1088 2405 1222 2468 minimis
1242 2407 1325 2468 vitiis
1345 2409 1479 2481 laboret,

287 2537 320 2591 et
338 2529 469 2590 duorum
490 2529 640 2590 malorum
664 2528 765 2593 miuus
783 2527 892 2606 utique
913 2545 980 2590 esee
994 2527 1181 2608 eligendum.
1205 2528 1245 2590 ir.
1259 2527 1311 2588 Xl.
1327 2528 1408 2590 xltt.
1439 2531 1479 2590 Se

287 2653 371 2716 enlm
401 2649 440 2714 ab
467 2651 551 2712 omui
580 2651 697 2714 invidia
727 2669 794 2713 esse
824 2648 960 2712 alienum
980 2650 1029 2712 ir.
1046 2649 1124 2712 Vlll.
1156 2667 1226 2711 cum
1255 2666 1306 2710 res
1325 2647 1480 2712 humanas

285 2775 385 2837 fluxas
405 2781 499 2854 atqua
518 2769 645 2856 fragiles
665 2791 733 2836 esse
753 2769 838 2836 haud
859 2773 982 2854 ignoret
1002 2774 1044 2835 ir.
1066 2773 1175 2836 XXlX.
1216 2774 1385 2836 Praeterea
1406 2789 1440 2834 se
1460 2789 1478 2834 a

286 3037 352 3082 ram
372 3020 516 3081 minuant
534 3027 566 3081 et
587 3017 626 3082 de
646 3019 728 3080 bona
749 3018 976 3080 existimatione
998 3018 1175 3081 detrahant.
1202 3017 1241 3078 ir.
1257 3019 1324 3080 Vll.
1351 3016 1411 3079 Sed
1431 3023 1479 3078 ta·

286 3155 358 3205 men
384 3143 535 3224 permisso
558 3158 675 3204 venere
700 3159 790 3204 usum
816 3159 884 3203 esse
911 3140 950 3202 ir.
977 3141 1085 3204 XVlll.
1112 3139 1190 3201 ΧΧΙ.
1219 3140 1356 3201 XXVlll.
1396 3138 1479 3204 atim

286 3265 444 3327 autemid
467 3265 602 3327 maxime
621 3265 765 3339 studere,
784 3271 830 3326 ut
857 3265 931 3326 vitia
959 3281 1014 3325 sua
1034 3263 1111 3324 alios
1133 3265 1237 3324 celent
1256 3263 1295 3324 ir.
1318 3265 1372 3327 tlt.
1394 3271 1426 3323 et
1445 3269 1481 3322 ut

283 3391 433 3470 pietatem
454 3389 600 3452 simulent
620 3388 658 3452 tr:
682 3387 776 3450 xvtt.
817 3389 986 3450 Praeterea
1007 3386 1171 3467 impugnat
1192 3385 1351 3459 ordinem,
1373 3385 1477 3446 nescio

284 3523 401 3592 ¹eptem,
423 3513 478 3576 sed
493 3520 669 3593 equestrem
692 3519 768 3592 puto
791 3509 890 3591 [reete
912 3509 995 3572 enim
1015 3511 1229 3570 Duentzeroe:
1249 3525 1266 3570 a
1285 3507 1480 3589 malignitate

285 3621 524 3716 publicanorum
554 3653 587 3698 se
612 3635 766 3716 defendit]
795 3635 834 3697 tr.
856 3633 922 3696 llll.
946 3635 978 3695 C.
996 3629 1171 3693 Gracchum
1191 3638 1412 3694 commemorat
1436 3629 1476 3702 ir.

286 3758 381 3820 XXV.
412 3757 451 3819 de
470 3757 648 3820 bominibus
672 3757 842 3819 ambitiosis
869 3763 902 3818 et
922 3757 1012 3818 lucri
1033 3751 1154 3834 cupidis
1172 3756 1311 3834 loquitur
1333 3755 1373 3816 ir.
1394 3751 1476 3817 XVl.

285 3878 395 3942 lllilll.
417 3881 513 3942 multa
527 3881 606 3955 alia,
628 3895 709 3960 quae
723 3879 826 3942 omnia
839 3879 923 3942 inter
944 3893 977 3941 se
998 3877 1166 3942 conciliare
1188 3885 1220 3940 et
1238 3877 1389 3958 quemad
1411 3891 1477 3940 rem

284 4001 480 4082 pertineant,
503 4003 692 4066 constituere
712 4019 775 4064 non
797 4001 905 4064 ausim.

364 4127 399 4186 ln
416 4125 497 4186 libro
517 4126 654 4187 XXVlll.
675 4137 850 4187 sermonem
870 4123 1005 4186 durioris
1019 4123 1102 4186 senis
1121 4126 1171 4186 vel
1190 4123 1295 4204 patrui
1316 4123 1356 4185 de
1375 4121 1479 4184 indot-

286 4248 428 4328 gentiore
446 4255 537 4328 patre
558 4265 626 4310 esse
646 4251 714 4311 Van
735 4246 888 4309 lleusdius
912 4229 1031 4309 statuit.
1071 4247 1134 4309 litei
1157 4252 1260 4308 autem
1287 4245 1326 4306 ir.
1349 4247 1376 4307 l.
1395 4243 1478 4306 bane

284 4371 318 4431 in
338 4372 524 4434 sententiam
554 4370 757 4450 interpretari
781 4369 866 4444 lieet,
887 4369 980 4450 longe
1006 4370 1095 4449 plora
1116 4374 1220 4434 tamen
1248 4367 1308 4430 alio
1334 4375 1477 4448 spectare
