3242 5138
229 471 260 512 lv
634 455 683 510 DE
703 453 733 510 G.
748 451 886 510 LUCILII
906 454 1010 510 VITA·

235 601 429 664 confidenter
441 599 617 674 affirmavit,
639 599 793 672 omnibus,
810 599 915 674 credo,
938 599 1177 679 probabunturo
1190 607 1222 662 et
1234 617 1283 661 mc
1297 601 1423 680 quidem

236 725 369 786 maxime
388 724 502 784 mirum
522 722 649 795 habuit,
675 701 757 801 quod
779 722 918 784 Suetonii
937 722 1041 786 libello
1062 721 1102 782 de
1122 722 1336 794 Grammaticis
1354 723 1426 782 illu—

240 847 387 908 stricibus
415 853 447 906 et
477 845 516 908 de
545 843 738 929 rhetoribus,
771 860 864 923 quem
898 845 1052 924 integrum
1084 843 1123 904 ad
1159 861 1215 905 nos
1247 846 1427 923 pervenisse

238 985 396 1046 nunquam
415 967 491 1028 mihi
511 969 701 1048 persuadere
721 967 825 1046 potui,
853 965 973 1027 tarltum
993 966 1153 1039 tribuerit,
1184 971 1225 1026 ut
1241 983 1280 1026 ex
1299 983 1337 1027 eo
1361 967 1425 1027 solo

237 1107 293 1152 sua
319 1091 420 1151 omnia
447 1088 587 1152 hausisse
616 1089 821 1166 Hieronymus
849 1088 1073 1150 existImandus
1104 1068 1209 1149 sit-
1235 1085 1297 1148 hoc
1323 1094 1426 1150 tamen

237 1213 370 1273 hominis
383 1211 468 1272 docti
487 1212 623 1272 examini
642 1209 866 1283 concedamus,
889 1217 924 1272 ut
937 1208 1176 1291 chronographi
1195 1209 1428 1270 inconsideran-

240 1335 315 1394 tiam
335 1333 441 1394 mnltis
469 1333 545 1393 locis
570 1350 645 1394 vere
666 1332 706 1394 ab
734 1351 771 1394 eo
801 1339 939 1394 notatam
966 1349 1032 1394 esse
1054 1338 1234 1393 statuamus.
1276 1333 1317 1392 Ut
1333 1332 1429 1411 igitur

227 1457 357 1517 rectius
377 1454 416 1515 dc
444 1454 553 1516 Lucilii
584 1461 686 1516 aelate
715 1455 770 1516 fiat
798 1454 965 1528 iudicium,
996 1471 1077 1515 nova
1099 1452 1276 1515 adiumenta
1302 1452 1427 1514 aliunde

238 1576 375 1656 petenda
394 1583 484 1650 sunl,
507 1594 588 1650 cum,
610 1576 723 1654 quibus
746 1574 848 1638 adhuc
871 1593 922 1637 res
943 1575 1109 1637 videbatur
1129 1575 1309 1636 confirmata
1330 1592 1426 1656 argu-

238 1698 366 1772 mentis,
391 1714 429 1759 ea
454 1716 516 1759 non
543 1699 617 1760 satis
642 1706 729 1760 certa
750 1716 817 1761 esse
837 1700 930 1778 paulo
951 1699 1126 1760 accuratior
1145 1697 1288 1759 docuerit
1307 1697 1427 1776 disqui-

237 1820 317 1881 sitio.
369 1821 432 1880 lam
461 1821 594 1899 plurima
620 1819 756 1898 quidemv
771 1821 877 1881 insunt
901 1821 999 1900 ipsius
1022 1819 1131 1880 Lucilii
1157 1819 1356 1900 fragmentis,
1389 1837 1428 1880 ex

240 1941 353 2018 quibus
372 1942 452 2016 satis
467 1947 613 2002 accurate
634 1943 820 2016 constituae,
851 1943 904 2019 qui
925 1921 1071 2020 aequales
1097 1943 1164 2003 eius
1190 1941 1325 2015 luerint,
1352 1951 1429 2019 quos

239 2060 432 2141 potissimum
451 2061 485 2120 in
504 2061 694 2162 carminibus
720 2062 955 2140 perstrinxerit,
984 2079 1063 2139 quos
1084 2057 1275 2135 laudaverit,
1302 2064 1355 2141 qui
1381 2062 1427 2124 rei

239 2183 384 2262 publicae
397 2187 511 2256 status,
533 2163 586 2261 qui
599 2182 732 2243 civitatis
745 2201 847 2244 mores
861 2182 994 2257 fuerint,
1010 2182 1066 2244 sed
1079 2183 1244 2244 admodum
1258 2201 1429 2262 paucorum

238 2303 483 2383 fragmentorum
502 2321 540 2364 ea
560 2304 722 2377 ostrado,
745 2310 780 2364 ut
799 2304 839 2365 ad
861 2311 981 2365 certum
1001 2305 1156 2384 quoddam
1178 2312 1300 2385 tempus
1319 2307 1427 2386 utique

240 2426 404 2488 referenda
426 2427 497 2487 sint.
522 2425 644 2502 *Quare
673 2425 816 2486 omnibus
841 2427 977 2500 omissis,
1006 2444 1086 2505 quae
1112 2429 1205 2507 paulo
1232 2428 1313 2488 inira
1335 2436 1428 2490 erunt

239 2547 507 2608 commemoranda
521 2593 528 2622 ,
543 2611 544 2618 ,
560 2547 615 2608 ubi
644 2547 683 2608 de
711 2550 851 2626 personis
879 2549 1052 2610 Lucilianae
1077 2565 1221 2628 agemus,
1250 2557 1371 2611 tantum
1390 2569 1426 2612 ea

240 2670 494 2744 examinabimus,
514 2671 598 2732 unde
618 2672 670 2732 alii
691 2670 892 2748 collegerant,
911 2680 1034 2751 poetam
1050 2679 1105 2732 aut
1121 2672 1238 2750 aliquot
1252 2673 1341 2734 annis
1355 2678 1427 2734 ante

242 2797 349 2852 natum
370 2809 549 2872 essequam
572 2793 656 2855 fama
680 2793 816 2868 feratur,
839 2801 893 2854 aut
912 2795 1006 2855 vitam
1027 2794 1108 2854 ultra
1127 2793 1309 2866 terminum,
1338 2811 1431 2872 quern

240 2911 365 2972 Hieron.
376 2914 530 2985 statuerit,
546 2913 741 2990 produxisse.
757 2915 794 2974 Et
806 2913 941 2991 primum
954 2912 1080 2989 quidem
1090 2914 1159 2974 Van
1174 2914 1325 2976 lleusdius
1338 2915 1429 2977 mini-

239 3032 397 3093 tabundus
423 3031 513 3094 nobis
539 3035 640 3112 legem
667 3034 865 3113 Calpurniam
892 3035 1042 3108 intentat,
1070 3052 1162 3112 quarn
1183 3038 1379 3099 consularem
1397 3055 1425 3098 a.

242 3154 278 3212 ll.
295 3154 328 3212 C.
351 3153 577 3217 DCLXXXVll.
599 3171 628 3214 a.
646 3155 678 3215 C.
695 3155 861 3234 Calpurnio
881 3156 993 3216 Pisone
1012 3155 1053 3218 de
1074 3157 1192 3219 ambitu
1218 3159 1314 3220 latam
1334 3158 1429 3218 intel-

240 3275 326 3354 llgit,
357 3275 401 3334 ita
428 3280 463 3334 ut
484 3275 619 3335 Lucilius
638 3291 752 3336 annum
778 3293 875 3337 unum
897 3284 929 3338 et
948 3279 1168 3358 octogesimum
1188 3282 1359 3360 explevisse
1379 3278 1429 3339 vi-

242 3395 362 3458 deatur.
405 3397 458 3456 Est
484 3396 609 3474 quidem
638 3385 735 3458 altera
763 3399 814 3459 lex
834 3399 1000 3478 Calpurnia
1027 3401 1066 3462 de
1087 3403 1228 3480 pecuniis
1248 3398 1429 3480 repetundis

241 3537 258 3580 a
280 3523 313 3580 L.
330 3520 496 3600 Calpurnio
523 3519 635 3580 Pisone
662 3525 703 3579 tr.
724 3521 766 3597 pl.
789 3535 818 3580 a.
845 3521 948 3581 dclv.
971 3508 1100 3602 rogata3
1130 3523 1185 3586 sed
1211 3539 1279 3584 eam
1298 3521 1429 3600 intelligi

241 3655 330 3718 posse
352 3643 389 3701 ll.
411 3647 521 3720 negat,
554 3643 626 3719 quia
646 3640 699 3700 illa
719 3640 759 3701 ab
778 3642 846 3720 ipso
864 3641 982 3702 Lucilio
1003 3660 1093 3703 soevo
1119 3645 1274 3722 appellata
1297 3642 1346 3702 sit.
1369 3642 1426 3702 cir.

245 3780 277 3840 p.
294 3762 342 3821 to.
364 3761 403 3821 lr.
420 3763 448 3822 l.
471 3760 552 3822 Edit.
577 3767 673 3824 nostr.
705 3779 774 3824 eam
795 3769 908 3835 autem,
932 3779 1011 3842 quae
1032 3763 1071 3824 de
1101 3763 1218 3824 ambitu
1241 3763 1304 3823 lata
1324 3763 1428 3838 luerit,

242 3883 335 3944 etiam
350 3883 530 3946 a-Cieerone
544 3885 731 3944 severissime
743 3886 888 3962 scriplum
904 3883 977 3946 dici.
993 3885 1048 3948 Or.
1062 3902 1111 3962 pr.
1125 3885 1202 3944 llur.
1218 3899 1247 3946 c.
1262 3883 1310 3945 ld.
1330 3886 1429 3945 Prae-

241 4011 327 4066 lerea
346 4004 514 4065 lleusdium
528 4022 638 4067 versus
658 4005 833 4066 Lucilianus
851 4005 991 4085 impulit,
1012 4012 1048 4066 ut
1059 4005 1102 4065 ita
1116 4010 1287 4068 statueret:
1308 4007 1428 4066 Eduxi-

155 4204 158 4208 ·
241 4143 296 4204 qne
316 4127 452 4185 unimam
473 4125 507 4186 in
525 4127 718 4204 primoribus
733 4126 880 4188 nuribus''
895 4127 984 4188 ouius
1003 4124 1087 4187 hunc
1101 4145 1169 4189 esse
1183 4145 1305 4190 sensum
1321 4132 1427 4204 putat:

240 4263 361 4308 saevom
382 4246 474 4324 legem
497 4247 701 4326 Calpurniam
719 4248 963 4325 reprehendendo
977 4255 1094 4308 tontum
1110 4267 1170 4311 non
1190 4251 1296 4310 mortis
1313 4265 1428 4327 poenos

242 4368 311 4428 ἔην’
332 4383 412 4447 quae
435 4385 493 4431 cur
513 4367 552 4430 ad
579 4370 680 4448 legem
700 4371 893 4433 consularem
921 4371 1024 4449 potius
1043 4372 1210 4435 referenda
1229 4369 1307 4444 sint,
1337 4385 1428 4432 nemo
