3250 5136
275 421 325 478 124
525 420 761 482 TESTIMONIA
779 421 959 480 VE'lEllUll
976 421 1026 477 DE
1044 419 1203 478 LUGlLIO.

689 570 761 630 Aul.
785 569 862 630 Geli.
884 569 930 628 Η.
945 569 993 628 211.
1008 569 1036 627 lt.

273 687 322 750 90.
349 689 439 752 Hanc
462 686 633 772 (Fanniam)
656 695 751 771 poeta
772 690 875 772 legem
895 689 1053 770 significat
1072 707 1141 751 cum
1164 687 1260 750 dicit:

638 803 739 866 Fenni
760 804 915 866 centussis
935 803 1088 866 misellos.

350 918 464 1000 Inque
479 918 788 1001 creveruntquidam
805 918 1110 982 Commentariorum
1129 918 1162 980 in
1182 917 1339 980 Lucilium
1355 918 1467 999 serip-

349 1040 434 1094 lores
455 1037 515 1094 etc.
538 1040 568 1094 et
590 1033 688 1113 paulo
712 1040 785 1114 post
806 1031 840 1114 ὅ.
863 1034 910 1094 10.
951 1031 1093 1094 Lucilius
1113 1049 1241 1115 quoque
1262 1031 1341 1114 legis
1363 1032 1465 1095 istius

350 1146 513 1229 (Liciniae)
534 1149 676 1210 meminit
699 1148 730 1210 in
754 1147 801 1209 his
822 1148 927 1210 verbis
949 1154 1009 1210 etc.

683 1317 754 1378 Atel.
778 1317 856 1377 Gell.
880 1317 936 1376 W.
953 1315 999 1376 lli.
1015 1316 1044 1377 6.

273 1437 322 1498 91.
352 1435 440 1498 Sicut
461 1436 602 1499 Lucilius
624 1438 654 1497 in
675 1437 788 1500 codem
804 1456 880 1498 casu
904 1436 982 1516 (scil.
1000 1435 1115 1518 dativo)
1137 1439 1218 1500 ciclo
1239 1443 1269 1498 et
1288 1456 1350 1498 ocu
1365 1437 1460 1510 dicit,

349 1569 413 1612 non
433 1553 527 1612 victui
548 1558 578 1613 ct
600 1552 727 1612 eculin
751 1552 839 1613 hisee
860 1552 1014 1614 versibus.

664 1720 736 1780 Aul.
760 1720 840 1782 (alell.
863 1721 921 1780 IX.
943 1721 989 1780 ll.
1006 1721 1054 1781 ul.

272 1839 320 1899 92.
349 1839 384 1900 ln
407 1859 483 1902 casu
506 1846 609 1902 eutem
635 1840 748 1914 dandi,
777 1842 831 1924 qui
859 1841 1027 1922 purissime
1049 1842 1165 1914 locuti,
1198 1861 1260 1903 non
1283 1842 1393 1920 saciet,
1423 1848 1461 1904 ut

348 1974 432 2017 nuuc
455 1955 585 2028 dicitur,
608 1954 665 2016 sed
683 1955 763 2035 facie
786 1954 943 2018 dixerunt.
985 1956 1126 2018 Lucilius
1149 1953 1329 2017 insolitis:
1353 1962 1414 2017 etc.

674 2124 747 2185 Aul.
771 2123 849 2185 Gcll.
872 2124 958 2185 XVI.
974 2123 1002 2184 c.
1018 2123 1046 2184 6.

272 2243 321 2305 93.
351 2247 475 2305 Vescum
497 2250 619 2316 eutem,
647 2243 733 2325 quod
762 2263 801 2304 ex
825 2263 859 2304 oe
878 2244 1035 2324 particule
1056 2250 1087 2305 et
1106 2263 1171 2306 cecc
1189 2245 1372 2325 copulatum
1395 2253 1458 2318 est,

347 2359 511 2439 utriusque
544 2357 688 2420 diversae
721 2357 961 2439 significationis
994 2359 1055 2419 vim
1091 2358 1186 2439 cepit.
1237 2358 1335 2447 Aliter
1368 2360 1459 2422 enim

349 2471 513 2534 Lucretius
542 2489 660 2532 cescum
690 2472 784 2533 salem
814 2470 893 2532 dixit
923 2490 962 2532 cx
992 2471 1108 2532 edendi
1136 2472 1330 2534 intentione:
1361 2474 1460 2538 aliter

349 2585 489 2648 Lucilius
510 2604 639 2648 vescum
661 2586 802 2667 appellat
823 2606 894 2648 cum
916 2586 1032 2648 edendi
1055 2586 1193 2649 fastidio.
1613 2561 1614 2625 l

669 2757 742 2816 Aul.
766 2755 844 2816 Gell.
866 2755 971 2815 XVII.
987 2756 1015 2816 8.
1034 2757 1060 2814 l.

270 2876 318 2937 el.
337 2873 588 2960 Ὁμοιοτὲλευτα
602 2877 661 2940 καὶ
676 2875 927 2958 ὶσοκατάληκτα
942 2874 1001 2940 καὶ
1017 2875 1150 2958 πάρισα
1164 2875 1223 2940 καὶ
1236 2875 1457 2960 ὁμοιόπτωτα

352 2997 521 3074 ceteraque
551 2990 733 3053 huiusmodi
765 2967 1011 3052 scitamentu'-
1034 3008 1129 3072 quam
1154 2991 1218 3052 sint
1244 2991 1392 3053 insubide
1427 2999 1459 3053 el

347 3106 460 3165 inertie
483 3112 514 3165 et
534 3104 685 3185 puerilia,
710 3102 904 3165 facetissime
924 3104 1032 3166 hercle
1051 3104 1209 3196 significat
1230 3104 1262 3167 in
1277 3105 1387 3187 quinto
1403 3125 1456 3168 sn-

346 3220 474 3281 tirarum
497 3218 649 3280 Lucilius.
675 3219 752 3280 Nam
774 3218 828 3280 ubi
850 3223 898 3279 esl
913 3237 984 3280 cum
1005 3219 1107 3282 amico
1129 3223 1340 3300 conquestus,
1365 3221 1453 3300 quod

237 3306 253 3366 '³
348 3332 442 3397 adse
463 3339 626 3417 aegrotum
647 3353 710 3396 non
730 3333 854 3405 viserit,
879 3339 938 3394 etc.
