3286 5126
269 415 323 456 axx
643 388 693 446 DE
712 387 910 448 cabilone
929 385 1079 454 lucinii.

271 542 310 604 ir.
325 541 366 602 x.
387 537 578 619 iungendum
603 542 660 600 est.
702 535 764 598 Sed
782 534 925 614 inprimis
945 533 1105 599 schemata
1124 535 1231 598 lexeos
1247 549 1330 616 quoe
1353 533 1465 600 dicun·

270 668 333 736 tur,
353 663 376 723 i.
393 679 421 724 e.
443 661 546 724 varias
566 659 734 721 verborum
754 663 928 726 structuras
948 663 1041 735 atque
1061 654 1222 718 rhetorum
1242 655 1374 720 artificia
1394 657 1467 720 illo-

271 790 384 848 stresse
409 760 567 875 putandus
595 787 661 855 est,
686 780 802 860 quippe
827 780 943 859 quiet
969 785 1096 841 centum
1122 793 1240 858 genera
1262 779 1467 844 soloecismos

272 925 339 970 esse
365 905 481 968 dixerit
508 903 569 966 eir.
589 905 698 984 Pomp.
725 902 765 965 de
791 901 985 965 barbarismo
1010 921 1043 982 p.
1065 901 1133 963 lit).
1158 901 1226 981 (ubi
1244 901 1385 964 Latitiae
1409 916 1468 980 prc

271 1029 366 1090 Lucio
389 1027 619 1092 emendandum
641 1043 721 1100 esse,
749 1027 851 1107 potuit
880 1027 1019 1089 lobnium
1048 1027 1162 1088 docere
1189 1025 1324 1090 lsidorus
1354 1024 1464 1106 Origg.

271 1149 500 1228 1.ΧΧΧ11.3;)
527 1157 559 1212 et
585 1149 688 1210 amnis
715 1149 768 1210 illa
788 1148 1025 1232 ὁμοιοτέλεντα
1046 1147 1107 1214 καὶ
1133 1143 1388 1230 ὶσοκαιάληκτα
1406 1146 1468 1213 καὶ

271 1267 408 1352 πάρισα
430 1269 494 1336 καὶ
520 1268 736 1357 ὁμοιόπτωτα
761 1279 933 1351 ceteraque
953 1269 1130 1333 huiusmodi
1149 1271 1348 1343 scitamenta,
1374 1285 1468 1349 quom

272 1399 377 1456 essent
403 1393 549 1456 insubida
568 1394 684 1456 inertia
699 1401 736 1481 et
762 1394 906 1474 puerilis,
934 1393 1122 1456 facetissime
1147 1389 1466 1472 significaverit'ctr.

273 1515 351 1580 Gell.
372 1515 465 1577 xvll.
487 1514 516 1576 6.
534 1517 561 1577 l.
585 1514 669 1594 quod
690 1513 748 1577 etsi
767 1493 848 1576 libro
869 1515 977 1594 quinto
998 1515 1115 1576 iactum
1136 1531 1203 1576 esse
1221 1513 1338 1577 Gellius
1358 1519 1468 1574 auctor

272 1643 337 1711 est,
365 1643 471 1699 tamon
499 1636 532 1696 iu
559 1637 614 1697 lx.
637 1655 762 1717 quoque
792 1637 931 1700 eiusdem
959 1636 1007 1698 rei
1036 1612 1225 1698 mentionem
1254 1634 1369 1700 tactam
1400 1651 1468 1698 esse

272 1757 372 1820 facile.
389 1757 561 1821 credideris
582 1759 639 1820 cir.
663 1758 702 1821 ir.
721 1760 788 1825 inc.
814 1759 896 1821 lit.¹
921 1759 1039 1840 Passim
1069 1760 1151 1822 enlm
1172 1774 1284 1821 vanem
1306 1756 1468 1838 gloriolam

273 1896 381 1942 eorum
398 1881 570 1956 irriserat,
599 1881 654 1960 qui
686 1889 758 1962 epta
787 1882 955 1944 verborum
983 1881 1205 1963 compositione
1236 1887 1268 1942 et
1297 1879 1468 1960 figurarum

272 2001 427 2080 elegantia
447 2003 668 2066 minutissimos
682 2004 859 2066 sententias
878 2004 1026 2066 illustrari
1046 2019 1140 2084 posse
1157 2001 1331 2065 confidunt,
1351 2000 1468 2064 cirria.

272 2125 335 2198 ino.
355 2125 409 2187 lV.
423 2124 490 2185 Vll.
530 2124 594 2185 Neo
618 2140 681 2184 oon
702 2123 928 2186 deverberans
955 2123 1182 2204 significatione
1202 2124 1283 2204 egit3
1313 2122 1402 2186 cuius
1422 2123 1470 2188 rol

272 2246 483 2310 testlmonium
503 2251 551 2307 est
570 2244 610 2306 ir.
625 2245 677 2305 lx.
718 2245 888 2307 Praeterea
916 2252 952 2306 ut
976 2244 1091 2308 iudicio
1117 2245 1158 2308 de
1179 2246 1282 2325 poetis
1300 2253 1334 2308 et
1360 2260 1469 2308 eorum

272 2369 360 2431 libris
380 2375 436 2429 aot
453 2366 652 2428 confirmaret
671 2374 726 2428 aut
746 2371 927 2440 excusaret,
956 2366 995 2428 de
1022 2367 1116 2429 variis
1140 2369 1313 2440 carminum
1339 2368 1468 2448 geberi-

272 2487 349 2563 bus,
375 2493 410 2551 et
434 2488 473 2551 de
495 2487 563 2570 ipsa
584 2491 707 2570 poetice
732 2490 831 2570 egisse
851 2489 985 2564 videtur,
1014 2495 1048 2550 ut
1073 2497 1223 2568 quantum
1249 2489 1331 2558 illius
1354 2491 1469 2562 aetatis

273 2616 435 2692 pateretur
455 2611 619 2687 eruditio,
631 2612 726 2674 etiam
746 2613 825 2676 boec
846 2628 897 2674 ers
916 2611 1032 2675 Latinis
1050 2611 1163 2675 litteris
1181 2610 1402 2677 illustraretur.
1449 2585 1452 2596 ¹

353 2733 414 2797 Sed
434 2735 527 2816 plene
547 2733 669 2798 diversa
692 2740 888 2814 sunt,jquae
908 2734 977 2814 quis
996 2735 1064 2814 ipse
1079 2733 1119 2796 de
1133 2733 1228 2796 rebus
1246 2735 1468 2813 grammaticis,

274 2857 482 2926 decretionis
500 2857 618 2932 iorrna,
641 2857 682 2920 de
704 2858 848 2943 uersibus
868 2863 900 2920 et
919 2856 960 2919 de
979 2856 1080 2936 poetis
1100 2855 1313 2938 praeceperit,
1337 2863 1469 2936 etquoe

272 2979 306 3040 io
336 2978 414 3059 ipsis
434 2978 501 3040 eius
524 2977 613 3040 libris
632 2994 780 3060 expressa
800 2984 847 3040 est
876 2977 975 3044 oratio
1004 2981 1044 3040 et
1064 2977 1174 3052 stilue3
1205 2977 1258 3041 illa
1289 2979 1371 3040 enim
1397 2985 1471 3040 suut

273 3098 383 3160 iudicii
403 3105 436 3159 et
454 3098 621 3174 acuminis,
646 3097 726 3163 baec
741 3105 791 3162 est
807 3099 925 3180 ingenii
945 3098 1138 3180 etpoeticae
1149 3099 1362 3162 ‘locultotlset
1380 3099 1467 3160 ertio.

274 3219 379 3297 Quare
398 3220 519 3282 omissis
537 3221 648 3282 bacilli
668 3222 845 3302 praeceptis
866 3229 898 3284 et
918 3222 1035 3301 regulis
1055 3220 1094 3283 de
1121 3222 1197 3302 ipsis
1224 3220 1293 3283 eius
1318 3221 1468 3285 carmini·

273 3341 332 3404 bus
349 3343 555 3425 disputemus,
581 3351 613 3406 et
625 3359 703 3424 quas
722 3337 848 3426 reg'ulas
864 3341 898 3406 in
916 3343 978 3408 illis
996 3351 1122 3406 secutus
1142 3344 1197 3418 sit,
1220 3361 1313 3424 wem
1336 3343 1376 3406 ad
1395 3361 1469 3404 nor·

272 3481 355 3529 mam
382 3483 416 3532 se
442 3466 509 3547 ipse
538 3465 798 3542 conformaverit,
826 3468 1036 3547 quantumin
1062 3467 1207 3529 versibus
1232 3465 1384 3530 iaciendis
1408 3465 1469 3528 sibi

272 3586 466 3668 permiserit,
487 3590 666 3654 accuratius
687 3588 891 3664 disseramus,
918 3589 1103 3671 ciprianum
1120 3589 1246 3668 quidem
1267 3588 1307 3650 de
1324 3587 1468 3668 peoscdls

273 3710 367 3772 etde
393 3711 531 3774 metricis
560 3710 700 3790 legibus,
728 3717 795 3772 tum
821 3710 860 3773 de
887 3711 1025 3791 ipsorum
1050 3710 1218 3774 verborum
1244 3711 1470 3793 compositione

274 3847 413 3910 egemus.

350 3954 388 4014 lit
408 3952 541 4034 primum
556 3955 683 4035 quidem
694 3957 771 4020 setis
791 3964 913 4019 constat
925 3957 958 4018 in
970 3955 1137 4019 Lucilianis
1150 3957 1293 4022 versibus
1307 3960 1471 4022 innumera

274 4076 416 4154 exempla
443 4089 514 4138 'esse
537 4077 660 4142 litterae
692 4098 707 4141 s
734 4079 767 4140 in
796 4079 910 4144 finibus
930 4079 1099 4141 verborum
1125 4081 1267 4156 omissae,
1296 4083 1326 4148 si,
1344 4082 1471 4162 quidem

274 4195 386 4258 breves
400 4197 538 4277 syllabae
558 4201 585 4262 is
599 4208 632 4272 et,
650 4219 688 4264 us
708 4202 920 4282 pracceduot;
944 4203 1028 4281 quod
1048 4203 1174 4282 quidem
1193 4205 1313 4268 Lucilio
1329 4213 1393 4268 um
1407 4203 1472 4268 nsi·

274 4324 373 4382 ntum
387 4319 457 4396 luit,
479 4330 515 4386 ut
534 4323 676 4408 plerique
689 4326 876 4411 scriptores,
897 4326 952 4411 qui
964 4323 1058 4390 buius
1071 4327 1119 4393 rei
1126 4327 1320 4392 mentionem
1335 4327 1469 4402 acient,
