3242 5138
307 471 343 511 xx
675 451 724 507 DE
742 447 925 510 PERSONIS
943 447 1164 510 LUCILIANIS.

307 598 506 660 contentione
532 597 614 658 inter
638 597 723 659 illum
754 604 785 658 et
812 597 952 657 Servium
977 597 1145 675 Sulpicium
1171 595 1299 658 Galbam
1313 603 1400 670 orta,
1424 604 1496 658 uter·

306 720 454 783 adversus
475 716 649 780 Viriathum
673 720 707 779 in
738 719 915 799 Hispaniam
945 719 1138 793 mitteretur,
1171 731 1241 780 cum
1270 733 1383 799 magna
1414 719 1496 780 inter

304 850 411 924 patres
442 843 634 922 conscriptos
664 842 814 904 dissensio
844 849 941 916 esset,
975 848 1121 903 neutrum
1147 841 1249 915 mitti,
1280 841 1340 905 sibi
1369 843 1495 921 placere
1604 927 1605 930 Ἴ

304 965 481 1046 respondit,
510 965 582 1044 quia
603 967 683 1026 alter
701 963 781 1026 nihil
800 963 934 1039 habeat,
967 966 1058 1026 alteri
1089 966 1133 1025 nil
1161 965 1201 1026 sit
1227 967 1313 1029 satis.
1344 967 1402 1032 eir.
1423 969 1492 1028 Val.

304 1091 384 1151 lllax.
402 1088 452 1150 Vl.
466 1089 495 1148 lt.
511 1089 540 1148 P.
562 1088 594 1149 id
615 1087 697 1166 quod
717 1087 852 1148 Lucilius
866 1093 958 1159 versu
976 1086 1165 1166 significasse
1179 1087 1313 1162 videtur,
1337 1091 1390 1168 qui
1411 1092 1494 1170 apud

303 1210 455 1274 isidorum
486 1210 595 1290 Origg.
628 1212 652 1271 l.
674 1209 722 1272 16.
738 1210 870 1290 'legitur
882 1231 890 1282 ;
922 1227 1012 1288 quem
1045 1228 1102 1290 ego
1133 1209 1257 1289 quidem
1289 1213 1398 1274 Lucilii
1428 1231 1495 1278 esse

303 1331 407 1394 nullus
436 1331 557 1394 dubito.
585 1332 731 1394 cim-luc.
755 1333 801 1392 la.
823 1351 854 1412 p.
877 1331 943 1393 toa.
978 1333 1107 1408 Graecia
1137 1333 1270 1411 Suipitt'o
1298 1337 1374 1395 sorti
1403 1336 1492 1410 6616,

304 1442 547 1519 6611666666.
590 1456 736 1522 Ceterum
755 1456 843 1517 Cotta
869 1447 932 1514 iam
957 1454 1040 1515 hano
1065 1455 1105 1516 ob
1126 1473 1250 1518 causam
1274 1457 1412 1536 Scipioni
1435 1458 1494 1519 ad·

302 1576 470 1653 versarius
485 1577 584 1642 luisse
606 1549 740 1652 videtur,
769 1577 851 1656 quod
879 1577 1007 1638 factioni
1029 1576 1232 1640 Gracchanae
1256 1579 1393 1641 favebat.
1434 1581 1494 1642 Sed
1606 1613 1607 1616 ¹

302 1716 342 1762 ex
361 1699 568 1762 acerbissimis
587 1700 670 1760 illius
690 1699 823 1761 inimicis
841 1699 901 1760 iuit
920 1701 962 1762 C.
976 1683 1119 1780 Papirius
1140 1702 1258 1784 Carbo,
1291 1719 1384 1781 quem
1404 1699 1494 1764 Luci-

300 1821 360 1884 lius
369 1821 453 1884 haud
466 1822 559 1885 dubie
572 1823 695 1902 saepius
709 1823 936 1903 perstrinxerat
944 1843 952 1896 ;
966 1839 1038 1884 nam
1049 1821 1115 1886 Lib.
1129 1826 1152 1885 1.
1166 1824 1246 1916 1611.
1262 1824 1348 1886 illum
1361 1826 1496 1904 Neptuni

299 1941 401 2020 filium
425 1945 610 2024 appellavit,
639 1945 864 2006 ferocissimum
892 1953 924 2008 et
950 1948 1116 2008 immanem
1137 1943 1170 2009 61
1187 1944 1323 2009 alienum
1350 1948 1390 2008 ab
1412 1948 1493 2011 omni

299 2061 492 2126 humanitate
513 2081 584 2126 eum
605 2064 700 2126 luisse
719 2065 914 2144 significans,
941 2068 1030 2128 cuius
1051 2076 1083 2128 et
1102 2071 1273 2147 periurium
1294 2075 1326 2132 61
1351 2071 1494 2149 impieta-

301 2192 363 2247 tem
395 2186 560 2248 incusavit.
611 2189 724 2248 Gontra
757 2185 876 2248 morum
909 2177 1061 2266 quaedam
1091 2189 1259 2250 similitudo
1293 2187 1325 2251 et
1354 2190 1492 2269 lepidum

300 2307 408 2368 Granii
438 2309 597 2388 ingenium
628 2309 744 2370 Lucilio
772 2325 876 2372 ansam
906 2310 1088 2390 praebuisse
1118 2310 1242 2372 videtur
1272 2311 1338 2372 eius
1368 2311 1492 2390 saepius

300 2430 583 2503 commemorandi3
605 2431 687 2510 quod
709 2431 902 2512 significatur
924 2431 963 2494 ir.
985 2432 1014 2493 6.
1036 2432 1103 2503 Lib.
1125 2433 1177 2507 Xl,
1202 2435 1349 2496 conticere
1370 2435 1407 2496 iu·
1424 2450 1493 2496 oer-

298 2553 831 2634 666616166611666666166166661,
854 2555 964 2618 Groui.
987 2533 1184 2634 quiquidem
1206 2554 1298 2618 homo
1324 2575 1386 2620 non
1407 2557 1492 2640 plebi

297 2674 390 2736 modo
416 2681 483 2736 erat
511 2677 718 2756 gratissimus,
747 2679 834 2740 culus
862 2679 1008 2742 laudibus
1035 2681 1102 2742 eius
1127 2680 1489 2753 dictatcelebrabantur,

297 2799 351 2861 sed
367 2798 459 2860 etiam
473 2799 576 2861 multis
587 2799 743 2862 nobilibus
756 2801 951 2864 familiariter
962 2803 1120 2878 utebatur,
1133 2821 1210 2883 quos
1220 2805 1344 2884 saepius
1354 2803 1492 2883 asperio-

296 2919 384 2980 ribus
399 2919 525 2981 iacetiis
545 2920 740 2982 volnerabat.
764 2923 822 2986 616.
840 2924 903 2985 Cic.
919 2925 970 2984 Br.
989 2923 1084 2996 616,
1110 2925 1166 2985 160
1177 2946 1186 2996 ;
1207 2925 1261 2998 to,
1287 2925 1357 2995 l72;
1380 2923 1488 2984 6606.

296 3038 517 3102 11666170.
535 3041 575 3102 ad
589 3043 673 3102 Fam.
689 3043 743 3104 lx.
761 3043 808 3104 16.
826 3062 883 3123 pro
898 3045 1026 3106 Plancio
1040 3045 1088 3106 16.
1105 3046 1221 3106 llorum
1235 3045 1317 3112 enim
1330 3044 1490 3108 bominum

295 3161 420 3223 iudiciis
450 3164 587 3225 Lucilius
616 3179 672 3226 sua
700 3165 836 3234 carmina
861 3166 1053 3246 potissimum
1075 3166 1209 3246 probare
1229 3153 1346 3241 voluit,
1374 3166 1489 3247 quippe
1606 3227 1607 3236 ,

295 3283 348 3362 qui
368 3283 474 3346 dicere
499 3286 627 3361 soleret,
658 3305 760 3366 neque
781 3307 814 3350 se
841 3288 1119 3350 abindoctissir'nis
1146 3307 1247 3367 neque
1269 3307 1285 3350 a
1305 3263 1489 3351 doctissimis

297 3399 360 3489 legi
371 3407 469 3482 velle,
491 3408 573 3489 quod
595 3409 685 3471 alteri
706 3410 783 3470 nihil
802 3409 1028 3490 intelligerent,
1051 3412 1141 3473 alteri
1162 3412 1231 3491 plus
1251 3411 1381 3474 tortasse
1395 3430 1488 3492 quam

293 3535 361 3613 ipse
376 3553 385 3606 ;
407 3550 503 3612 quare
519 3533 612 3594 etiam
624 3525 749 3613 scripsit
764 3534 905 3595 Persium
917 3551 978 3594 666
993 3549 1066 3594 curo
1081 3535 1186 3614 tepere,
1202 3535 1255 3612 qui
1272 3537 1408 3595 omnium
1422 3534 1489 3596 1666
1606 3557 1607 3564 “

293 3655 503 3718 Romanorum
523 3656 575 3718 ille
590 3663 731 3735 tempore
753 3657 813 3718 1611
827 3657 1044 3730 66666616666;
1070 3665 1101 3719 61
1122 3658 1215 3740 paulo
1229 3656 1328 3718 intra:
1347 3634 1489 3718 Laelium

293 3777 461 3840 Decumum
481 3779 569 3852 uolo,
592 3778 645 3856 qui
665 3779 713 3849 rir
726 3778 852 3858 quidem
874 3781 974 3841 bonus
995 3787 1028 3841 61
1048 3799 1110 3842 666
1130 3780 1312 3853 illiteratus,
1325 3779 1389 3842 sed
1410 3777 1488 3842 nihil

291 3898 333 3960 66
363 3901 502 3961 Persium
531 3899 600 3961 tuit.
626 3901 1010 3967 (116660611613.
1054 3904 1132 3964 Huic
1160 3904 1243 3964 enim
1270 3903 1377 3966 Persio
1404 3920 1486 3962 non·
1606 3959 1607 3970 .

291 4021 369 4082 66111
395 4021 577 4083 tribuebant
603 4026 637 4085 C.
659 4023 783 4099 Fannii,
809 4028 841 4087 C.
857 4029 890 4088 F.
915 4027 1087 4091 orationem
1115 4025 1154 4088 de
1184 4003 1276 4088 sociis
1304 4034 1337 4088 et
1362 4025 1486 4087 nomine

291 4143 400 4205 Latino
420 4151 528 4205 contra
552 4144 730 4208 Gracchum
754 4147 817 4209 Cic.
841 4149 928 4209 Brut.
947 4148 995 4210 ao.
1037 4137 1139 4228 ipsius
1157 4155 1260 4211 autem
1282 4148 1439 4227 Scipionis
1454 4153 1487 4208 et

291 4265 398 4327 Rutilii
423 4265 572 4328 iudicium
607 4268 685 4330 adeo
714 4269 973 4344 reformidaverat
1003 4271 1154 4344 Lucilius,
1186 4269 1220 4333 ut
1249 4270 1425 4332 Tarentinis
1455 4278 1487 4330 et

292 4388 487 4451 Consentinis
508 4395 540 4451 61
560 4390 669 4455 Siculis
689 4410 723 4454 se
742 4391 881 4457 scribere
900 4392 1031 4456 diceret.
1054 4391 1382 4472 (11666616167.
1402 4392 1486 4472 quod
