3242 5138
264 385 312 428 mv
460 363 511 426 b!
530 354 774 422 SINGULORUM
793 357 990 428 Limoutmt
1006 357 1263 446 amantium.

263 513 375 576 wirae
401 511 511 585 Seuer.
535 509 630 572 cib.
653 527 685 590 p.
702 505 768 572 iib.
796 511 949 590 poom'ot
974 488 1284 588 primam'syllamn
1312 508 1463 578 vocabufl

264 633 410 696 oidiaaeot
428 631 461 692 in
479 647 573 692 unam
592 629 744 692 coaluisse
764 628 888 703 statuit,
908 627 941 690 id
965 627 1048 709 quod
1070 629 1152 708 apud
1175 631 1320 692 utentum
1333 631 1462 710 saepius

264 752 533 818 animadvertitur.
575 737 1151 832 soditucquod'1.·nyokius·bpisu
1174 752 1289 816 Setuci.
1313 755 1463 818 cantoria

265 895 296 956 p.
313 877 361 940 17.
383 885 443 957 pro
461 873 693 956 iili'rapo'auit,
721 873 824 936 minus
850 873 1012 952 probabile
1034 889 1101 936 osse
1121 874 1212 936 duco.
1245 874 1285 936 ir.
1301 875 1354 937 iii.
1370 876 1464 954 'quod

264 1003 300 1064 io
319 995 484 1062 codicibus
504 1003 571 1071 cst,
603 997 635 1058 c.
660 993 897 1075 exprimendum
918 996 1056 1069 curavit,
1080 997 1137 1072 cisi
1156 1013 1277 1078 paucae
1300 998 1463 1063 coniectu-

264 1139 321 1186 rac
340 1120 567 1203 probabiliores
586 1117 790 1180 inveniuntur
810 1133 902 1197 quam
923 1120 1081 1182 Drusiana:
1110 1119 1293 1200 obductaque
1317 1119 1460 1187 tenebris.

264 1209 298 1304 in
320 1242 358 1304 ir.
383 1241 491 1321 quinto
512 1239 662 1322 scaligeri
684 1239 897 1310 coniecturam
915 1242 1101 1338 Nomentani
1118 1259 1175 1324 pro
1197 1258 1305 1304 comeo
1324 1243 1388 1302 ium
1409 1259 1462 1304 rc·

266 1364 371 1444 oepit,
402 1363 486 1442 quod
509 1369 675 1442 perperam
695 1363 812 1424 iactum
832 1361 948 1426 iudico.
989 1365 1087 1426 Meam
1112 1364 1326 1427 coniecturam
1354 1363 1379 1424 si
1400 1363 1464 1426 ‹ad-

265 1484 378 1560 mittia,
403 1483 507 1548 omnia·
533 1483 616 1548 bene
639 1502 673 1546 aa
701 1484 819 1546 babere
845 1484 1004 1548 videntur.
1046 1488 1084 1549 in
1101 1485 1141 1548 ir.
1165 1485 1342 1564 vinaque
1367 1487 1462 1568 lectio

266 1606 342 1670 aetia
354 1611 457 1678 cartag
479 1623 582 1685 noque
596 1623 707 1670 oenone
719 1607 913 1672 mauiioatuo.
944 1608 1019 1670 Nam
1040 1608 1089 1670 Fr.
1106 1608 1189 1670 busa
1204 1613 1239 1669 et‘
1252 1609 1292 1668 Μ.
1307 1607 1459 1671 Schmidt.

267 1747 320 1810 epo
341 1728 501 1812 expoliunt
523 1735 556 1792 ai
574 1745 699 1794 vertum
718 1729 843 1811 ataugi
861 1729 992 1798 iubent:
1018 1729 1101 1808 Quor
1121 1745 1202 1791 urano
1216 1731 1348 1794 Aemilio
1365 1749 1461 1811 pruc-

267 1861 356 1921 cocto
382 1861 471 1934 utpote
499 1853 601 1932 acipo,
623 1861 711 1934 cipue
727 1853 733 1934 Ι
750 1855 898 1917 anooto.
919 1853 1050 1918 'Wasac
1078 1854 1185 1916 Sonar.
1213 1870 1241 1915 c.
1263 1853 1330 1914 Vii.
1358 1871 1388 1932 p.
1408 1853 1460 1916 85.

268 1971 368 2052 legite
397 1972 486 2048 Quae
511 1989 570 2052 ago
595 1989 680 2034 nunc
698 1973 830 2036 Aemilio
851 1984 1136 2056 praecautumque
1159 1977 1270 2058 exigo,
1291 1982 1389 2055 atquo.
1407 1994 1464 2038 ox-

268 2098 371 2160 caum.
413 2091 461 2156 Ad
480 2092 644 2156 Aemilium
664 2096 818 2158 scaurum
846 2093 926 2160 haec
955 2096 1069 2170 referri
1087 2099 1140 2160 vin
1164 2107 1266 2178 po'esc,
1287 2099 1349 2161 iam
1369 2115 1464 2178 supra

267 2214 424 2289 vicimum
442 2213 498 2278 aad
519 2215 640 2280 otiamai
659 2215 823 2278 Aemilium
847 2231 1035 2294 praeconem
1049 2217 1258 2296 significatum
1280 2236 1347 2282 easc
1368 2222 1463 2296 poui-

268 2354 354 2410 moa,
385 2354 403 2400 a
430 2347 492 2416 quo
512 2331 699 2418 scipionem,
724 2338 893 2400 Censuram
915 2344 1086 2418 petentem,
1107 2339 1141 2400 in
1170 2339 1272 2400 forum
1291 2339 1464 2404 deductum

273 2473 342 2524 oasa
361 2457 482 2539 Appius
504 2456 967 2531 Claudiua'irrisit3cir,1³lut.
989 2459 1027 2520 V.
1049 2459 1136 2521 Aem.
1159 2458 1248 2520 Pauli
1271 2475 1300 2520 c.
1321 2459 1371 2518 58.
1398 2477 1464 2522 non

269 2579 361 2644 facilc
381 2578 569 2656 conutituea,
597 2581 672 2660 quid
698 2580 891 2661 potissimum
915 2582 968 2644 ilio
989 2599 1083 2644 vomu
1109 2587 1203 2664 pocta
1226 2577 1462 2660 significaverit.

269 2701 474 2772 Proaoootore
494 2703 578 2766 enim
597 2708 652 2766 aut
671 2702 737 2766 iera
756 2702 841 2768 idem
855 2704 999 2785 estquod
1019 2707 1188 2778 incantore,
1203 2700 1258 2766 aut
1277 2703 1469 2783 praecinere.

269 2825 424 2908 significat
443 2827 464 2888 i.
481 2843 510 2890 o.
532 2826 722 2890 carminibus
749 2827 878 2906 magicis
905 2827 1022 2907 aliquid
1048 2839 1245 2908 praeparare
1267 2824 1325 2887 cir.
1346 2825 1415 2888 Tib.
1437 2828 1461 2890 i.

269 2945 298 3010 b'.
322 2945 369 3008 ii.
397 2946 523 3030 Ipaapue
548 2956 593 3011 tar
618 2950 734 3012 circum
761 2948 893 3012 loatrooi
921 2948 1068 3028 sulphura
1096 2965 1191 3028 puro,
1214 2948 1367 3011 ‘Carmina
1395 2967 1463 3010 oum

266 3069 489 3148 praecinctum
499 3087 589 3135 onoc.
600 3070 710 3154 quodsi
719 3070 816 3154 igitur
824 3067 960 3134 eandem
970 3065 1064 3132 huius
1074 3069 1163 3142 vorbi
1173 3074 1279 3132 nostro
1289 3070 1358 3132 loco
1368 3069 1464 3150 'signi-

269 3187 447 3256 ficationem
475 3209 543 3258 aaaa
571 3198 732 3274 putamus,
764 3192 859 3258 maus
886 3209 997 3256 versuo
1022 3207 1132 3257 seusus
1151 3191 1205 3256 hic
1225 3209 1293 3256 caso
1316 3192 1461 3256 videtur:

271 3313 355 3394 quod
374 3330 432 3396 ego
453 3313 516 3378 iam
535 3314 727 3378 carminibus
753 3315 882 3396 magicis
903 3321 976 3378 ante
1002 3313 1175 3378 decantatio
1195 3315 1235 3376 ab
1255 3315 1383 3376 aemilio
1407 3313 1464 3375 de-

270 3436 354 3518 pello
371 3441 404 3500 at
420 3436 683 3506 incantationibus
703 3437 777 3500 tollo
796 3437 848 3500 vol
867 3437 1042 3516 exstinguo.
1083 3435 1168 3514 Quas
1188 3453 1239 3498 res
1258 3443 1352 3518 poeta
1371 3436 1464 3498 intel-

271 3559 363 3640 ligat,
395 3561 427 3630 iu
452 3561 573 3626 incerto
607 3560 834 3624 eat.·i1·.Vli.
864 3561 979 3639 Gorpct
1009 3558 1049 3620 ad
1078 3559 1254 3639 Scipionem
1282 3557 1463 3621 Africanum

271 3679 420 3744 maiorem
449 3681 565 3755 raicrt,
596 3680 654 3744 aod
681 3681 774 3746 facilc
802 3689 852 3744 cat
882 3681 923 3744 ad
952 3679 1205 3762 intelligendum,
1236 3679 1346 3742 cadam
1366 3679 1464 3742 verba

273 3800 367 3868 eiiam
386 3803 420 3866 in
433 3803 608 3884 Scipionem
621 3802 764 3866 Nasicam
778 3809 811 3864 ot
823 3802 993 3882 Opimium,
1008 3802 1219 3864 Gracchorum
1233 3799 1462 3876 interfectores,

273 3923 457 4000 convenire,
484 3924 528 3986 ita
557 3932 593 3988 ut
618 3941 670 3990 rea
693 3926 726 3986 in
757 3924 861 3988 modio
886 3925 1092 4004 relinquenda
1118 3935 1186 3988 esso
1207 3923 1361 3989 videatur.
1402 3923 1464 3984 Sed

273 4042 412 4126 epitheta
432 4064 529 4128 oopua
550 4054 583 4112 oi
601 4049 687 4112 cclcc
706 4053 738 4110 ot
752 4045 884 4110 verbum
904 4055 983 4110 erret
1002 4047 1106 4126 potius
1118 4047 1235 4128 Opimii
1248 4044 1465 4108 condicionem

273 4166 449 4250 significare
466 4169 630 4245 videntur,
657 4169 710 4232 cni
735 4181 816 4248 aqua
842 4175 876 4230 et
898 4169 965 4249 igni
982 4169 1184 4235 interdictum
1204 4175 1289 4243 arat,
1311 4183 1405 4247 quam
1424 4147 1466 4228 ad

274 4291 450 4378 Scipionem
461 4292 646 4382 'pectinem
666 4292 721 4378 qui
733 4295 846 4379 sponte
862 4290 904 4356 iu'
914 4289 1042 4358 exilium
1058 4288 1128 4356 ivit.
1144 4291 1188 4358 ir.
1203 4289 1284 4355 vui.
1305 4305 1363 4372 pro
1377 4287 1465 4352 boatu

239 4752 467 5116 ,7
782 4694 1605 5116 bu...-
