3242 5138
490 489 540 548 DE
557 485 739 548 PERSONIS
757 489 980 550 lucraturus.
1273 511 1335 552 xrrr

143 637 233 704 c'rrius
252 654 366 702 numen
386 639 419 699 in
440 637 620 716 fragmentis
641 637 755 716 passim
774 637 914 713 laudari,
937 655 999 698 non
1020 639 1162 718 estquod
1176 639 1334 706 miremur.

142 768 209 826 lam
230 783 283 826 sex
305 763 409 843 priora
423 761 599 841 fragmenta
611 760 677 822 Lib.
695 761 797 840 quarti
812 760 966 822 adbaclii
987 777 1163 840 personam,
1185 763 1336 842 probabi-

142 888 231 965 litate
248 883 536 964 ¹quadamductus,
565 885 651 944 Dusa
678 884 800 958 retulit,
828 885 944 963 quippe
962 901 1051 963 -quac
1077 885 1179 945 omnia
1206 885 1245 946 ad
1271 886 1339 947 irn-

146 1009 282 1088 galitatis
300 1007 441 1078 laudem.
464 997 550 1067 etad
568 1005 770 1070 deridendam
791 1007 946 1066 luxuriam
966 1012 1117 1086 spectant.
1149 1009 1185 1068 Et
1204 1008 1339 1088 primum

145 1130 270 1209 quidem
297 1136 389 1207 atque
417 1097 588 1190 secuudum
615 1147 679 1189 non
706 1129 750 1189 ita
775 1130 868 1208 longo
895 1130 1105 1209 spatiointer
1129 1149 1162 1193 se
1183 1129 1338 1194 disiuncta

144 1252 239 1314 fnisse
261 1252 405 1314 videntur
416 1273 426 1324 ;
446 1270 518 1312 nam
539 1252 622 1330 quod
643 1252 963 1332 antecedit:·9amtas
984 1253 1161 1330 adpellem,
1184 1253 1338 1333 idipsum

144 1375 286 1452 sequenti
306 1374 401 1435 Laelii
422 1375 561 1435 oratione
580 1375 774 1453 explicatum
803 1345 898 1434 cuius
914 1371 987 1452 pars¹
1003 1373 1104 1434 ‘etiam
1128 1375 1166 1437 ir.
1190 1376 1220 1436 1.
1243 1367 1339 1436 fuisse

145 1497 279 1558 videtur.
321 1500 434 1558 Contra
456 1497 495 1556 ir.
511 1492 596 1572 hyat
615 1497 645 1558 6.
670 1497 889 1557 arctiuslnten
909 1514 942 1557 se
959 1497 1066 1557 iuncta
1088 1498 1181 1559 fuisse
1204 1504 1339 1577 putave-

145 1619 202 1678 rim
217 1640 225 1691 ;
254 1619 413 1711 inducitur
441 1621 541 1694 enim,
571 1621 698 1702 opinor,
730 1621 823 1682 Laelii
854 1637 1003 1700 persona,
1031 1620 1341 1699 de'exquisitissimis

145 1741 234 1814 cibis,
260 1717 399 1820 quitum
419 1743 451 1802 in
470 1721 631 1804 hominum
651 1715 881 1804 luxuriosorum
905 1742 1024 1804 deliciis
1046 1743 1145 1814 fuere,
1167 1743 1339 1822 disputans,

145 1870 181 1923 ut
201 1881 292 1941 quam
313 1881 393 1924 vana
423 1872 516 1944 atque
544 1866 654 1925 inania*
677 1867 769 1944 gulae
795 1864 908 1944 gaudia
936 1865 1014 1937 sint,
1043 1865 1191 1944 exemplis
1217 1864 1339 1929 doceat.

148 1987 314 2052 Caeterum
336 1960 543 2067 fragmentum
557 1989 683 2048 tertium
704 1987 813 2048 melius
832 1986 1136 2066 interpungendum:
1161 1985 1231 2048 dene
1251 1995 1341 2062 coeto,

147 2112 285 2184 condito,
307 2127 442 2171 sermone
464 2109 556 2183 bono,
587 2110 615 2169 ai
634 2111 780 2188 quoeris„
795 2109 946 2170 'labentem
975 2109 1041 2171 scil.
1062 2111 1190 2183 utimar,
1218 2110 1272 2170 ubi
1303 2109 1343 2171 ad

147 2234 251 2313 priora
272 2233 337 2294 cibo
358 2231 565 2311 supplendum
585 2240 650 2304 est;
677 2238 749 2294 sunt
770 2232 852 2293 enim
874 2232 969 2293 Laelii
989 2231 1102 2306 verba,
1125 2231 1164 2293 ad
1184 2232 1343 2294 irridentis

147 2355 269 2436 gumiae
293 2355 486 2437 importunas
507 2354 769 2434 interrogationes
784 2355 880 2414 multo
897 2371 966 2414 cum
986 2356 1093 2433 lepore
1114 2355 1342 2434 respondentis.

147 2481 288 2554 Fortasse
310 2478 403 2539 etiam
424 2477 467 2537 fr.
490 2479 537 2538 m.
562 2477 617 2538 lib.
640 2478 692 2537 lV.
715 2475 754 2537 ad
776 2477 929 2542 luxuriam
953 2477 1034 2538 illius
1055 2477 1166 2540 aetatis
1186 2479 1344 2540 illustran-
1383 2463 1389 2480 ‘

148 2602 218 2663 dam
239 2585 391 2680 pertinet:
428 2601 596 2660 Praeterea
617 2599 777 2676 antiquum
798 2599 864 2661 eius
891 2599 1027 2678 rigorem
1055 2601 1087 2660 in
1116 2601 1261 2680 petendis
1283 2592 1343 2662 ho*-

147 2715 277 2786 noribus
297 2723 416 2803 tangit3
437 2739 497 2800 quo
518 2721 558 2782 fr.
575 2721 622 2781 la.
638 2720 683 2780 lib
705 2722 744 2782 V.
766 2719 988 2793 referendum
1011 2723 1106 2782 Laelii
1127 2723 1210 2782 enim
1231 2740 1344 2784 nomen

148 2864 187 2907 eo
209 2845 277 2905 loco
295 2845 400 2923 optimi
418 2835 545 2904 ¹Codicis
568 2843 753 2904 auctoritate
776 2842 992 2908 confirmatum
1013 2851 1070 2908 est.
1112 2845 1234 2905 Laelius
1261 2843 1344 2905 idem

40 2938 41 3011 s
149 2968 217 3028 lere
241 2964 279 3028 de
299 2984 332 3029 se
355 2967 514 3028 confessus
535 2984 602 3028 esse
622 2965 757 3040 videtur,
779 2965 862 3045 quod
883 2969 916 3027 l..
933 2964 1096 3046 Philippus
1117 2965 1201 3045 apud
1216 2967 1343 3028 Cicero-

41 3113 42 3150 l
148 3089 278 3168 nemde
300 3090 359 3152 off.
383 3091 540 3162 11.17.6;
564 3107 627 3165 „se
647 3089 714 3151 sine
736 3091 798 3150 ullo
820 3094 947 3152 munere
969 3092 1117 3170 adeptum
1139 3091 1206 3152 esse
1230 3092 1343 3164 omnia,

150 3229 230 3292 quae
250 3211 444 3282 haberentur
464 3213 689 3288 amplissima‚”
711 3229 807 3291 quare
822 3213 932 3274 Cicero
945 3213 1031 3274 illum
1044 3213 1346 3276 moderantissimum

150 3341 182 3396 et
208 3335 507 3396 continentissimum
536 3331 693 3405 hominem
723 3334 870 3415 adpellat.
902 3355 959 3416 pro
990 3337 1104 3398 Archia
1124 3339 1154 3398 7.
1189 3339 1254 3399 lam
1283 3355 1346 3400 non

41 3500 42 3515 .
152 3459 331 3538 negaverim
347 3458 440 3520 etiam
457 3459 520 3526 alia
539 3459 608 3519 loca
629 3460 702 3520 satis
717 3458 922 3538 probabiliter
941 3459 980 3520 ad
1000 3461 1136 3520 Laelium
1153 3461 1281 3538 eiusque
1298 3461 1347 3520 in-

41 3656 42 3664 *
153 3580 278 3660 genium
303 3589 335 3642 et
353 3600 455 3643 mores
471 3580 701 3642 adumbrandos
721 3599 812 3660 posse
828 3581 959 3655 referri,
981 3581 1036 3642 sed
1052 3599 1122 3642 cum
1137 3584 1210 3644 satis
1224 3582 1345 3644 habea-

40 3694 41 3705 ’
154 3721 222 3764 mus
244 3721 280 3764 ea
303 3685 569 3780 commemorasse,
594 3704 632 3766 de
647 3703 761 3790 quibus
775 3704 912 3765 dubitari
933 3723 997 3766 non
1017 3704 1129 3786 possit,
1151 3705 1346 3768 haecomnia

40 3885 42 3920 s
154 3825 324 3887 omittenda
347 3846 414 3890 esse
435 3828 520 3889 duxi.
1079 3813 1081 3820 ¹
1139 3825 1145 3830 ’

231 3952 293 4009 lam
320 3957 355 4010 ut
383 3951 421 4012 ad
447 3952 592 4030 aequales
622 3952 774 4032 Scipionis
802 3958 834 4014 et
859 3951 954 4014 Laelii
974 3949 1185 4026 transeamus,
1209 3952 1347 4032 ,primum

152 4071 262 4132 Licinii
284 4074 545 4136 commemorandi
566 4081 654 4148 sunt,
677 4074 729 4152 qui
753 4074 990 4136 et-aucturitate
1004 4081 1036 4134 et
1052 4074 1163 4153 opibus
1180 4075 1348 4153 plurimum

40 4240 41 4251 .
153 4195 293 4256 valuere.
316 4195 398 4274 ¹Qua
419 4213 458 4256 en
482 4198 598 4258 larnilia
618 4197 677 4258 fuit
697 4205 788 4259 vetus
807 4198 858 4260 ille
876 4199 916 4260 M.
932 4197 1066 4258 Licinius
1083 4197 1210 4260 Crassus
1229 4194 1348 4280 ἀγέλα-

155 4337 249 4394 στος,
269 4335 361 4396 quem
382 4319 479 4380 semel
498 4321 593 4381 ait‘in
607 4321 671 4382 vita
685 4321 789 4382 risisse
809 4321 960 4382 Lucilium
976 4321 1039 4382 Cic.
1055 4323 1146 4383 Taso.
1162 4322 1215 4381 lll.
1232 4320 1278 4380 lu.
1295 4318 1344 4380 al.

39 4518 40 4529 ἵ
153 4437 194 4498 de
215 4439 302 4502 Finn.
325 4443 363 4503 V.
381 4441 434 4503 50.
458 4441 506 4504 91.
530 4442 588 4504 cfr.
611 4444 692 4504 Plin.
712 4445 749 4506 N.
771 4445 807 4506 H.
831 4445 898 4506 Vll.
923 4443 970 4505 19.
994 4443 1126 4517 dictum,
1149 4443 1231 4522 quod
1252 4441 1347 4503 risum

190 4561 267 4602 Lucilii
279 4564 351 4614 fragm.
1115 4565 1131 4624 b
