3290 5130
661 374 694 432 c.
716 373 853 432 noenu
877 353 1081 439 unisonum

749 591 884 663 Lm.
903 589 990 660 lv·

349 741 376 800 l.
398 739 426 800 0
445 739 615 822 Lapathcl
638 751 674 806 ut
693 747 813 808 iactare
833 744 942 817 docet,
965 743 1041 807 satis
1062 742 1207 825 cognitus
1231 743 1306 826 quoi
1326 745 1368 804 sis

270 860 310 919 ln
331 871 394 936 quo
415 852 540 916 Laeliu’
561 857 720 922 clamores
741 857 853 940 σοφός
872 857 935 922 ille.
948 856 1071 920 solebat

271 969 396 1039 Edere,
419 971 621 1050 compellans
642 971 765 1054 gumias
777 991 827 1035 'ex
846 972 959 1036 ordine
977 976 1097 1036 nostro.

348 1082 379 1142 2.
401 1080 428 1143 0
451 1083 608 1158 Publi,.o
631 1095 766 1169 gunges,
786 1086 934 1150 Galloni:
956 1105 990 1161 es
1009 1085 1106 1153 homo
1129 1086 1243 1160 miser,
1265 1087 1383 1170 iuquit,

272 1195 425 1261 Coenasti
444 1197 479 1258 in
499 1198 565 1260 rita
584 1218 749 1282 nunquam
770 1179 872 1274 liene,
894 1219 992 1284 quom
1011 1200 1119 1263 omnia
1141 1200 1175 1264 in
1193 1201 1255 1264 ista

273 1310 442 1374 Consumis
463 1312 581 1394 squilla
603 1319 699 1397 atque
721 1315 907 1397 acipensere
925 1334 1022 1398 quom
1042 1315 1233 1378 decumano.
1342 1373 1346 1380 .

349 1423 378 1484 3·
729 1430 813 1493 bene
835 1434 927 1491 cocto

275 1535 412 1601 Condito
432 1555 582 1602 sermono
601 1542 708 1618 bono,
732 1543 759 1606 si
783 1543 902 1628 quaeri’
923 1541 1081 1606 lubenter.

349 1649 380 1710 le.
402 1648 498 1725 Quod
521 1661 683 1738 sumptum
704 1647 799 1742 atque
820 1657 931 1740 epulas
951 1656 1036 1720 victu
1056 1657 1229 1738 praeponis
1249 1656 1393 1721 honesto.

351 1764 382 1825 5.
404 1765 542 1850 Fingere
563 1777 747 1852 praeterea,
770 1771 875 1839 afferri
897 1771 986 1854 quod
1006 1770 1141 1856 quisque
1161 1771 1299 1864 volebat.

275 1881 370 1944 lllum
390 1882 516 1944 sumina
536 1884 713 1960 ducebant,
735 1892 831 1968 atque
851 1885 985 1948 altilium
1005 1885 1098 1965 lanu,

276 1995 369 2060 Hunc
388 2000 507 2075 pontes
524 1996 685 2061 Tiberinn'
707 1998 770 2060 duo
790 1999 874 2061 inter
893 2000 997 2081 caplu’
1019 1999 1136 2062 catillo.

278 2173 469 2186 m

796 2329 880 2374 ΗΒ.
899 2328 953 2373 IV.

316 2446 340 2496 l.
361 2446 408 2496 eie.
433 2447 486 2501 rin
508 2453 539 2502 ll.
563 2449 588 2502 ⁸.
613 2451 639 2500 in
666 2452 791 2506 omnibus
805 2454 856 2503 fere
888 2453 915 2502 Ξ.
935 2453 976 2501 bo.
1003 2449 1094 2513 „baud
1110 2449 1144 2499 ita
1164 2449 1260 2511 pridem
1279 2450 1374 2499 nabori
1390 2461 1465 2511 prae-

280 2532 356 2588 codd.
374 2534 411 2582 est
427 2535 518 2596 iccto're
533 2551 563 2588 ae
578 2541 689 2600 remotis,
707 2542 733 2590 in
749 2544 856 2592 nonnul·
888 2540 955 2592 conis
981 2525 1033 2588 erni
1063 2539 1212 2602 accipensero
1239 2551 1322 2588 mensa
1347 2538 1466 2588 inlamis”

280 2626 326 2674 lis:
343 2634 393 2670 oon
409 2627 516 2680 caram.
533 2628 560 2682 in
570 2630 720 2688 nuperae.
734 2631 855 2692 primum:
888 2630 930 2678 ubi
947 2629 1021 2680 schel.
1036 2630 1115 2689 Gruq:
1135 2627 1258 2676 Gallonius
1268 2639 1354 2688 praeco
1373 2628 1467 2690 primns

280 2714 378 2764 occos
394 2716 425 2766 st.
445 2739 479 2754 -
496 2718 601 2780 menitu’
619 2731 702 2768 omnes
722 2719 780 2768 libri
797 2731 857 2768 con-
889 2719 1064 2780 accipenserem
1080 2728 1138 2764 suae
1155 2727 1252 2766 mensae
1270 2717 1396 2777 apposui,
1417 2717 1463 2766 etc.

282 2800 386 2855 firmini.
403 2805 459 2864 proi
477 2808 520 2867 qui
536 2807 628 2868 primus
639 2807 761 2868 scripserit
776 2808 857 2855 inrer—
889 2808 1002 2867 quaestus
1028 2806 1054 2854 et
1078 2804 1188 2865 sumptus
1214 2802 1316 2855 Gallonii
1346 2802 1393 2856 cic.
1420 2816 1465 2866 pro

282 2892 343 2942 lum.
369 2890 435 2950 quob
458 2905 530 2955 snpra
548 2894 607 2944 (ledi
629 2895 667 2944 est
686 2907 701 2942 e
723 2894 859 2942 coniectura
890 2893 1039 2954 Quinctio.
1057 2892 1118 2941 vivit
1133 2892 1337 2942 uiGalloniusde
1354 2893 1423 2946 siun
1434 2895 1465 2944 ll.

282 2977 407 3039 mincii,
431 2982 476 3030 sed
493 2983 578 3032 dubito
596 2981 670 3032 etiam
686 2994 756 3042 nam,
779 2993 860 3030 annon
891 2981 933 3032 98.
952 2981 995 3030 90.
1164 3016 1166 3024 .

283 3065 372 3118 rectius
383 3065 476 3128 legatur
487 3083 494 3119 ε
505 3075 533 3120 ot
545 3071 736 3124 iactorsmrcrse
747 3069 860 3142 retectis.
925 3069 950 3120 ὅ.
972 3070 1019 3121 Cic.
1037 3071 1074 3118 De
1097 3069 1148 3121 l‘in.
1167 3071 1197 3121 11.
1216 3069 1242 3118 8.
1255 3069 1298 3120 at.
1320 3070 1391 3130 paulo
1412 3069 1465 3130 post

283 3164 328 3216 pro
343 3155 439 3215 renim
449 3159 521 3208 minti
537 3159 593 3207 libri
611 3169 708 3221 mco.
724 3157 787 3206 illud
803 3169 861 3208 con-
890 3158 1024 3220 superiora.
1045 3157 1105 3208 baec
1121 3157 1207 3207 itidem
1224 3170 1276 3208 esse
1295 3157 1379 3206 Lucilii
1394 3155 1465 3204 rerba

285 3243 382 3292 firmam
404 3247 535 3307 Appuleius
558 3247 627 3309 Apol.
650 3245 756 3307 piritil.
774 3246 817 3296 lid.
833 3247 861 3298 in
891 3247 918 3295 et
935 3260 966 3294 ex
983 3246 1068 3296 eodem
1086 3247 1148 3294 libro
1160 3246 1271 3307 excerpta
1283 3245 1340 3292 salis
1351 3244 1388 3291 est
1403 3255 1464 3306 pro-

284 3343 355 3382 usum
376 3333 491 3394 Delphini
509 3337 535 3386 et
558 3335 642 3386 Festus
659 3347 712 3388 roc
728 3333 860 3397 loptooicr.
891 3333 978 3388 babile.
1004 3335 1048 3390 clr.
1072 3336 1120 3386 cic.
1140 3335 1182 3396 Ep.
1201 3335 1231 3382 ad
1252 3332 1321 3382 utic.
1337 3333 1401 3383 xlii.
1423 3331 1464 3383 ba.

284 3418 396 3470 Eiusdem
419 3424 519 3485 originis
540 3437 589 3474 rox
609 3425 701 3488 pontu
724 3422 789 3487 apud
810 3424 861 3473 llo-
892 3423 933 3473 ubi
965 3424 1050 3473 eadem
1075 3424 1149 3472 rerba
1181 3423 1302 3484 leguntur.
1335 3419 1379 3468 serl
1405 3433 1467 3481 quae

285 3507 352 3556 nium
369 3520 396 3569 p.
410 3509 455 3560 8l.
474 3526 526 3562 esse
543 3513 648 3566 videtin.
677 3513 789 3562 ceterum
805 3512 861 3560 odi-
892 3525 923 3562 ex
939 3525 969 3563 eo
985 3513 1039 3562 loco
1059 3505 1125 3560 busa
1143 3511 1228 3560 nostro
1244 3508 1376 3572 fragmento
1394 3507 1467 3558 alfin-

285 3595 349 3644 tores
375 3596 498 3650 Ciceronis
526 3604 596 3652 antee
629 3603 735 3663 primum
761 3601 785 3650 el
818 3614 860 3650 se·
892 3601 951 3664 git:
987 3601 1090 3664 Editpcc
1128 3598 1237 3662 Bibitpoe
1271 3598 1372 3648 iocunde
1400 3599 1469 3658 mure

285 3681 390 3734 emron
426 3686 587 3749 framentum
618 3702 692 3738 versu
719 3689 862 3752 interposito
892 3684 1037 3753 ciricogmc
1055 3685 1133 3736 solum
1149 3687 1174 3735 ii
1193 3689 1232 3736 sed
1248 3699 1277 3736 ea
1294 3687 1319 3735 et
1336 3685 1388 3746 ipsa
1399 3685 1467 3734 cice-

285 3772 431 3822 iunxerentr
456 3777 547 3827 Laelic’
563 3777 688 3840 praeclare
706 3781 729 3826 ct
746 3781 807 3827 recta
822 3791 861 3826 so-
892 3777 967 3840 ronis‚
987 3785 1038 3824 non
1055 3775 1141 3824 Lucilii
1157 3776 1221 3829 sunt.

285 3859 345 3922 else·
362 3858 469 3925 illudere
487 3878 541 3916 cere
562 3863 640 3932 (solos
658 3865 789 3916 Lambinus
804 3859 860 3916 stoi
928 3865 952 3914 l.
970 3864 1023 3914 lul.
1043 3864 1105 3912 Gall.
1123 3862 1348 3916 N.,A,1V.lb.6.

287 3948 342 4012 pcc)
368 3949 412 3998 sed
437 3951 464 3999 in
493 3955 620 4005 codicibus
646 3956 706 4006 est:
734 3955 862 4006 Prceclm
928 3951 953 4002 5.
970 3951 1074 4006 ibono.
1091 3951 1188 4006 Seium.
1205 3956 1236 4006 ll.
1249 3952 1290 4003 li.
1309 3951 1356 4000 sen
1373 3952 1400 4000 el
1417 3952 1468 3999 bu-

290 4036 384 4088 Locliur
406 4042 430 4088 ct
451 4044 514 4090 recte
532 4041 645 4108 σοφός,
666 4043 772 4107 illudque
788 4055 862 4094 orrer
894 4041 963 4090 unus
984 4051 1039 4088 acer
1059 4041 1084 4088 et
1106 4041 1226 4092 violentus
1251 4041 1338 4104 pocta,
1365 4037 1472 4089 ostendit

289 4139 352 4189 quae
370 4129 443 4182 verba
460 4129 535 4191 ipsius
553 4132 674 4184 Ciceronis
692 4133 758 4183 snut.
894 4128 956 4178 scire
975 4141 1002 4178 se
1018 4128 1083 4178 hunc
1098 4129 1188 4192 piscem
1205 4128 1295 4190 egregii
1309 4129 1411 4190 saporis,
1429 4125 1471 4190 qul

324 4214 351 4264 i.
369 4218 444 4268 DeP.
459 4219 577 4280 Gallonio,
594 4233 722 4292 praecone,
740 4217 864 4270 luxurioso
895 4217 959 4266 inter
979 4216 1041 4267 dnos
1057 4217 1145 4280 pontes
1161 4217 1245 4280 eaptus
1265 4218 1346 4278 esset3
1367 4225 1471 4279 eumque

289 4303 385 4354 bomine
407 4306 450 4360 sir.
475 4306 580 4370 interpp.
609 4309 640 4361 sd
667 4311 727 4360 llor-
753 4308 803 4358 Sat·
832 4308 863 4356 ll.
896 4306 964 4368 qnasi
994 4306 1159 4369 innuerem
1190 4304 1326 4354 cstiuonem
1357 4303 1469 4368 appellat.
