3274 5134
283 423 343 518 125.
670 419 701 478 C.
723 415 862 477 Luurnn
883 415 1088 484 2222022222

286 570 333 630 19.
365 602 446 614 --
466 573 608 632 ventrem
630 567 769 630 alienum
817 591 820 598 ’

361 683 517 747 Maestum
538 681 644 744 155555
667 701 707 744 ex
729 681 841 744 molito
861 681 1005 754 liordeo,
1031 679 1080 742 uti
1101 677 1310 760 cataplasma.
1347 728 1350 736 .

284 799 333 858 20.
363 797 491 859 Certum
513 797 579 860 scio
605 815 675 858 5555
696 796 754 868 215,
782 795 932 859 51512525.
960 811 1034 858 num
1060 793 1139 856 mihi
1167 790 1403 856 5555155125
1428 811 1483 855 ex·

937 910 1062 992 plorata
1084 909 1201 972 omnia.
1249 937 1255 946 .

285 1029 333 1090 21.
363 1030 506 1090 Aetatem
530 1027 586 1088 tibi
607 1027 689 1088 251555
710 1027 862 1098 laturam,
886 1029 917 1087 et
937 1025 1077 1098 bellum,
1102 1023 1211 1087 51255
1232 1022 1353 1084 bellum
1375 1025 1478 1104 putas.

283 1145 333 1204 22.
361 1143 500 1206 Primum
525 1143 738 1215 erudieras,
761 1141 896 1223 siquod
919 1146 967 1202 est
982 1117 1217 1210 eoenaeulum,

365 1257 438 1332 Quo
458 1254 593 1336 recipiat
613 1263 654 1318 15.
674 1257 761 1302 ”--
826 1271 828 1278 ·

284 1377 333 1439 23.
362 1408 445 1421 --
467 1371 713 1455 gymnasioque,

360 1489 528 1555 Schemate
548 1497 583 1553 551
603 1493 734 1572 antiquo
761 1497 958 1572 spectatores
980 1477 1146 1554 retineres.

283 1573 335 1668 22.
361 1607 420 1669 Ubi
443 1614 511 1670 erat
532 1605 662 1684 σκοπός

362 1721 475 1784 225555
495 1722 591 1784 istum
612 1721 669 1783 abs
691 1728 737 1794 te,
761 1721 996 1804 quamprimum
1018 1727 1052 1783 51
1071 1722 1208 1804 perdere
1228 1711 1380 1782 amarem.
1465 1741 1469 1748 ·
1506 1704 1509 1712 ¹

283 1837 333 1897 25.
363 1837 422 1898 Η25
454 1856 505 1898 me
536 1837 593 1899 ubi
621 1836 723 1908 videt,
757 1837 998 1910 subblanditur,
1033 1837 1220 1918 palpatur,
1235 1841 1329 1917 eaput
1360 1834 1480 1936 scabit,

792 1957 796 1964 '
933 1951 1034 2032 pedes
1056 1949 1143 2031 legit.

284 2067 333 2126 26.
363 2066 447 2141 Quid
469 2066 547 2127 mibi
568 2065 727 2147 proderit,
758 2083 855 2148 quum
881 2065 977 2127 satias
1005 2064 1068 2126 iam
1096 2065 1239 2126 omnium
1263 2083 1369 2126 rerum
1388 2062 1483 2126 'esset

286 2168 310 2189 ''
933 2179 1030 2241 15515.
1135 2175 1140 2184 '
1258 2181 1260 2186 ’

283 2297 333 2357 27.
361 2297 450 2359 Nune
471 2303 505 2357 tu
527 2302 637 2357 eontra
656 2294 761 2366 veni's,
790 2293 840 2355 vel
861 2295 915 2375 qui
943 2295 977 2354 in
998 2293 1133 2392 nuptiis,
1155 2293 1206 2354 552
1228 2312 1299 2356 5555
1320 2313 1416 2374 neges
1437 2299 1479 2365 te,

938 2425 998 2468 nee
1019 2407 1088 2468 sine
1109 2405 1262 2486 pernicie.

285 2525 335 2586 28.
364 2525 482 2606 Perge,
506 2523 640 2596 amabo,
662 2535 714 2595 55.·
730 2523 757 2585 52
777 2527 887 2604 potes,
910 2522 980 2584 1555
996 2521 1124 2603 dignam
1139 2539 1188 2582 me
1204 2525 1239 2582 ut
1252 2519 1343 2582 vobis
1358 2529 1479 2601 putem.

283 2641 333 2701 29.
361 2639 431 2700 1255
452 2639 627 2702 2555525551
647 2655 745 2698 unum
766 2637 807 2699 ad
828 2637 973 2699 morbum
996 2623 1119 2697 homini
1139 2634 1188 2696 552
1213 2634 1441 2702 bellissimum.

283 2791 367 2798 .-...-.
371 2793 397 2798 ---
403 2781 476 2798 -.--'

322 2866 367 2916 29.’
382 2858 444 2916 iton.
465 2881 489 2927 p.
501 2863 591 2915 22551
603 2849 790 2914 2525551555
806 2864 865 2911 atie·
935 2865 977 2910 22.
996 2865 1058 2914 Non.
1078 2876 1103 2923 p.
1117 2862 1176 2910 205.
1199 2875 1221 2910 5.
1252 2857 1293 2909 525·
1315 2867 1368 2912 5551
1393 2843 1493 2924 5555155

284 2939 349 3004 uum
373 2952 494 3012 5555511555,
523 2951 568 3002 ‘sed
598 2954 674 3001 altem
700 2941 753 3000 2555
779 2953 863 2999 reete:
900 2950 977 3000 codd.
995 2951 1097 3010 scopinae
1116 2951 1145 2997 G.
1158 2951 1186 3000 B.
1212 2962 1296 3010 5555555
1314 2953 1379 3000 Dusa
1396 2963 1445 3014 mg.
1459 2950 1479 3000 2.

284 3047 402 3092 maestam
420 3041 497 3090 25252.
525 3039 633 3089 alimum
657 3043 725 3089 555155
748 3039 864 3090 51.·2512.
900 3035 1013 3102 σκοπός
1031 3037 1185 3087 scribendum
1204 3051 1299 3087 censue.

285 3128 316 3178 ad
335 3132 402 3178 cure.
422 3129 448 3174 5.
471 3113 542 3188 impr
561 3125 635 3178 2555,
654 3125 866 3203 5555155155555
935 3127 976 3176 25.
994 3130 1056 3176 Non.
1073 3140 1098 3188 p.
1119 3125 1178 3174 522.
1198 3141 1220 3174 5
1241 3131 1266 3176 51
1288 3129 1353 3176 Fest.
1374 3141 1399 3195 p.
1420 3122 1480 3174 222.

284 3195 865 3280 2.551555515555555525555555512551.
901 3205 1354 3278 2522122.,,55515555555515·55115.”

285 3305 349 3358 auu
669 3301 673 3308 “
745 3297 756 3310 ·
936 3301 978 3354 ae.
996 3305 1058 3353 uon
1079 3318 1104 3367 p
1126 3305 1184 3351 555.
1206 3305 1231 3355 a
1258 3287 1335 3351 5555
1360 3283 1480 3362 52555

321 3395 362 3446 20.
381 3363 443 3460 12555.
463 3409 488 3457 p.
504 3393 563 3444 202.
580 3395 605 3442 2.
632 3389 812 3442 5512152552.
835 3407 865 3441 55
899 3405 971 3454 quam
982 3394 1100 3442 551555
1110 3396 1172 3442 tenet
1189 3391 1304 3451 [detuW.
1324 3403 1392 3452 55555
1404 3393 1481 3442 551555

284 3480 326 3532 1125
343 3480 417 3533 215555.
537 3485 540 3492 “
900 3472 1028 3531 ei.'Giian.
1052 3477 1346 3533 rennuentem
1367 3481 1404 3530 W.
1427 3483 1483 3530 ante

320 3571 364 3636 21..
384 3575 445 3622 Non.
464 3571 564 3641 1³2.¹⁶⁹·
578 3586 601 3619 5.
893 3568 927 3618 ’2.
939 3554 981 3618 222.Ι
1001 3569 1067 3630 facta
1084 3581 1132 3616 om.
1147 3569 1177 3616 52.
1189 3569 1287 3618 2551255.
1302 3569 1345 3616 222.
1369 3581 1483 3629 5555555-

321 3662 363 3709 22.
384 3663 446 3709 2155.
460 3657 489 3719 p.'
500 3659 559 3709 261.
577 3660 600 3706 55·
613 3661 696 3722 quob.
710 3671 744 3710 m.
762 3659 784 3707 2.
805 3647 865 3719 pand
899 3653 962 3728 55551Ι
975 3652 1040 3718 12515
1059 3656 1090 3709 51.
1107 3656 1176 3706 12552.
1293 3637 1295 3646 ⁴

284 3764 331 3796 ree.
344 3738 373 3796 ’15
390 3746 418 3795 B.
437 3749 568 3807 utrumque
583 3757 719 3808 perperam.
935 3745 978 3794 27.
999 3748 1060 3794 Non.
1080 3755 1105 3804 p.
1122 3745 1181 3794 105.
1196 3755 1219 3792 5.
1246 3743 1283 3793 551
1302 3732 1357 3793 15555
1375 3759 1441 3792 necea
1463 3747 1485 3795 te

289 3818 366 3883 ι”25.
384 3835 445 3884 Non.
468 3849 493 3901 p.
516 3835 575 3886 255.
596 3847 619 3882 a.
648 3835 676 3882 155
697 3831 821 3896 9551555552
838 3837 866 3883 ut
892 3821 977 3883 2525.
996 3835 1024 3883 2.
1051 3843 1120 3894 nepes
1147 3821 1185 3880 W'.
1211 3833 1268 3883 ante
1289 3837 1317 3883 Α.
1339 3847 1388 3894 mg.
1408 3837 1427 3882 1.
1460 3835 1483 3881 te

285 3908 387 3976 schema*
408 3906 506 3985 55512555
535 3926 558 3972 51
584 3913 724 3984 §perlatores
752 3911 865 3974 5512515525
900 3903 1004 3972 255212.
1027 3919 1175 3969 contraheris
1196 3921 1273 3972 5525515·
1296 3923 1324 3970 255
1342 3935 1371 3970 55.
1394 3933 1485 3969 verrere

287 3995 364 4098 255252.
384 4025 438 4060 cam
450 3991 548 4060 5525555
566 4011 597 4059 52.
610 4008 696 4060 Bothe.
716 4011 743 4060 in
760 4025 865 4081 pyrene
899 4021 988 4058 maesse
1009 4009 1058 4057 Nee
1081 4009 1112 4056 52.
1130 4012 1162 4058 Μ.
1191 4008 1229 4059 552
1254 4012 1276 4058 55·
1299 4008 1325 4058 ia
1348 4023 1375 4056 55.
1406 3998 1484 4056 55155·

285 4087 363 4187 5255555
382 4098 411 4152 tn
429 4110 478 4162 mg.
485 4092 517 4149 2.
541 4099 658 4150 5515555515
679 4101 707 4149 51
731 4099 760 4153 52
779 4103 863 4156 musa.
891 4087 1039 4160 5255512155
1026 4097 1058 4146 ei
1072 4082 1138 4146 125555
1155 4097 1270 4147 sedenti.
1283 4100 1322 4146 W.
1335 4097 1381 4143 255
1393 4093 1482 4156 fragm

286 4194 412 4254 antiquum
436 4189 494 4242 elim
517 4183 682 4249 conieceram3
706 4202 770 4240 nune
787 4190 866 4237 Dusae
900 4170 963 4235 libro
984 4184 1090 4236 xxviii.
1110 4184 1233 4272 adsignat?
1252 4185 1293 4234 ubi
1311 4183 1366 4232 ride
1384 4183 1416 4267 tr
1437 4180 1479 4235 29.

287 4272 427 4330 adsentior.
439 4263 474 4330 551
486 4271 665 4340 5255255552.
680 4279 718 4326 Al.
739 4265 866 4325 retinerem
937 4271 980 4322 28.
999 4273 1063 4324 Non.
1082 4287 1107 4336 p.
1124 4273 1183 4322 252.
1194 4275 1219 4323 2.

286 4372 315 4417 A.
340 4374 359 4419 l.
650 4361 654 4371 “
840 4358 847 4370 ’
936 4361 1177 4426 2921555561
1192 4375 1215 4410 5.
1244 4360 1478 4463 25555551555112.
