3290 5130
291 361 332 440 44Ι
670 355 700 416 4.
721 354 857 417 uuum
878 351 1084 422 rumonus

363 505 392 568 3.
413 503 492 566 lnde
510 501 759 566 Dieaearoheinn
776 501 916 584 populos
933 500 1112 586 Delumque
1133 499 1298 572 minorem.

366 619 397 680 44.
419 619 581 700 Campana
601 607 721 699 Capua.

366 733 396 794 5.
419 733 528 815 Longe
547 732 607 794 trie
626 730 727 795 millia
746 749 910 814 passuum.

365 847 395 907 6.
418 846 536 926 ,Verum
556 847 636 909 haec
657 846 752 908 ludus
775 847 820 909 ibi
840 865 959 932 susque
981 845 1086 908 omnia
1104 844 1211 932 deque
1231 843 1379 906 fuerunt:

290 961 414 1044 Susque
435 968 467 1023 et
486 961 590 1045 deque
609 960 697 1023 fuere
711 994 748 1006 -
762 961 892 1044 inquam
904 961 1056 1044 -omnia
1074 958 1161 1022 ludu’
1179 959 1333 1040 iocosque

288 1074 372 1139 lllud
394 1095 475 1158 opus
495 1077 627 1150 durum,
648 1081 683 1138 ui
702 1076 844 1140 Setinum
865 1074 1050 1140 accessimu'
1068 1073 1185 1136 linem:
1295 1111 1297 1114 -

287 1173 473 1278 ’Asyllcaoc
493 1191 635 1266 montes,
658 1192 780 1274 Aetnae
800 1209 928 1265 omnes,
949 1190 1055 1272 asperi
1073 1187 1227 1250 Athones.

364 1307 393 1367 7.
415 1306 584 1368 Praeterea
603 1324 697 1368 omne
716 1307 778 1367 iter
796 1312 845 1368 est
864 1305 925 1370 hoc
945 1306 1091 1370 lebosum
1103 1303 1207 1386 ‘atque
1226 1303 1375 1364 lutosum.

364 1418 395 1480 8.
417 1420 514 1481 Porro
537 1420 680 1482 homines
701 1438 849 1504 nequam,
871 1420 973 1484 malus
996 1426 1030 1481 ut
1050 1417 1238 1502 quartarius,
1259 1415 1387 1495 cippos,

293 1532 446 1596 Collisere
468 1553 587 1600 omnes.
1112 1619 1114 1624 Ι

364 1648 394 1710 9.
415 1647 554 1711 Mantiea
576 1649 694 1710 cantari
714 1652 818 1710 costas
837 1648 987 1732 gravitate
1007 1647 1183 1730 premebat.

288 1917 336 1968 Sed
353 1917 465 1980 equidem
487 1918 566 1980 ipsum
585 1919 711 1972 salernum
733 1919 865 1980 intelligam
894 1918 959 1974 illins
975 1918 1023 1968 loci
1039 1918 1217 1968 auctornotare
1228 1914 1340 1968 voluerit.
1358 1913 1470 1968 (4444444444

289 2007 315 2056 44
341 2008 437 2068 recepta
462 2006 564 2055 lccfione
586 2007 673 2056 4444444
698 2019 744 2070 pro
769 2008 865 2056 44444444
894 2008 983 2068 verses
1000 2007 1065 2056 hunc
1081 2019 1178 2056 sermm
1194 2005 1252 2053 hnic
1267 2003 1329 2051 libro
1349 2001 1469 2052 adnume-

289 2092 442 2143 intervallum
467 2095 532 2143 inter
563 2095 686 2143 castellum
712 2095 738 2144 et
766 2095 865 2155 portum
895 2094 971 2155 ravit,
993 2095 1059 2157 quod
1083 2094 1110 2143 in
1131 2094 1177 2144 troc
1201 2093 1288 2142 itinere
1311 2089 1428 2140 Lucilium
1445 2089 1471 2136 et

290 2181 466 2231 salernitanum
476 2183 635 2244 significatum
651 2195 703 2236 cese
723 2183 802 2233 444444
819 2183 864 2232 cir.
896 2182 1000 2242 capuam
1010 2181 1133 2230 transiisse
1144 2181 1170 2230 et
1187 2180 1221 2228 ibi
1237 2192 1281 2240 per
1291 2177 1388 2240 aliquod
1403 2177 1469 2225 tem-

288 2269 341 2319 444.
359 2270 462 2320 xxxiv.
480 2270 523 2319 tii.
547 2271 573 2318 et
596 2271 682 2320 8444444
699 2272 728 2318 V.
746 2271 790 2321 lin.
807 2271 862 2335 qul,
895 2281 941 2330 pus
962 2269 1135 2318 commoratum
1148 2269 1209 2318 'esse
1231 2267 1305 2316 iidem
1330 2265 1471 2315 scholiastae

290 2357 351 2405 illud
374 2357 473 2419 almari
495 2358 616 2406 remotum
640 2371 700 2406 esse.
715 2357 799 2407 auctor
828 2359 865 2408 est
895 2357 1045 2406 oonflrmant.

227 2459 230 2464 ·
291 2441 434 2517 Σάλεμον
443 2471 478 2480 -
485 2443 594 2517 μικρὸν
605 2445 677 2514 ὑπὲρ
688 2446 741 2512 τῆς
753 2445 865 2519 444444-
931 2444 956 2492 5.
969 2443 1060 2496 Charis·
1072 2457 1099 2505 u.
1110 2443 1170 2493 490.
1182 2443 1250 2506 toaqc
1258 2441 1470 2505 prolongitudine.

291 2548 354 2601 4ης.
370 2535 468 2592 nomm
478 2531 605 2582 8444444444
616 2533 707 2583 dictum
718 2534 864 2584 ulmetium
930 2531 956 2580 6.
975 2532 1030 2582 Aul.
1044 2531 1105 2582 Geli.
1118 2533 1180 2583 xvi.
1193 2533 1219 2581 9.
1237 2532 1263 2580 in
1281 2529 1386 2580 secundo
1398 2541 1472 2579 versu

291 2620 419 2670 Rodanum
435 2620 553 2672 Plin.·lll.
568 2621 612 2670 46.
895 2623 917 2669 44
928 2619 1047 2681 improbat
1058 2621 1155 2682 Varqes.
1173 2619 1230 2668 44444
1241 2617 1378 2668 emendavit
1393 2621 1469 2679 Desa,

325 2709 351 2756 5.
369 2709 438 2758 Paul.
461 2723 501 2771 ap.
526 2709 590 2760 rest.
616 2723 643 2774 p.
657 2701 718 2760 iau.
741 2711 786 2762 lid.
811 2713 864 2761 ou.
895 2707 940 2756 sed
955 2721 1096 2770 perperam3
1114 2709 1139 2756 et
1154 2706 1219 2769 apud
1231 2705 1349 2756 huetium
1362 2705 1470 2768 produc-

289 2807 390 2845 numero
413 2797 470 2846 libri
488 2811 540 2848 non
565 2799 703 2862 edsu'ipto,
731 2801 775 2849 secl
800 2801 866 2850 recte
897 2796 988 2846 tionem
998 2797 1104 2858 syllabae
1115 2795 1189 2846 etiam
1205 2796 1231 2844 in
1247 2791 1310 2844 thesi
1327 2794 1386 2843 terri
1401 2807 1470 2856 posse

289 2885 354 2934 hunc
375 2898 402 2942 4,.
426 2884 499 2936 tertie
521 2887 624 2935 adsmibi
646 2900 684 2936 res
707 2888 760 2948 ipsa
785 2888 865 2936 docet.
897 2896 946 2932 non
963 2885 1116 2945 negaverim
1139 2884 1183 2933 sed
1204 2887 1228 2935 at
1253 2895 1324 2932 44444
1345 2896 1395 2932 non
1413 2883 1471 2932 setis

290 2974 472 3022 manicam
505 2987 519 3022 e
549 2977 640 3023 Gracco
669 2974 867 3045 Δικαιαρχέων
896 2971 983 3034 idonea
999 2972 1085 3024 reiecit
1099 2972 1129 3021 V.
1148 2985 1227 3032 neque
1250 2972 1309 3032 444444
1331 2985 1376 3032 pro
1400 2971 1471 3030 {imm

292 3062 342 3110 oti.
366 3061 448 3109 ortum
473 3061 543 3122 putat
566 3063 592 3110 et
621 3062 741 3110 exuemus
764 3063 867 3124 syllabas
897 3059 1089 3122 admittendum
1106 3060 1230 3122 inquarto
1246 3059 1472 3128 versuAcytlcaoe

291 3147 489 3208 eademsyniaesi
504 3149 665 3212 contraxisse,
685 3163 746 3212 quae
760 3151 786 3198 in
797 3153 867 3200 (teum
896 3147 1023 3206 lectionem
1039 3149 1111 3197 rmice
1130 3161 1212 3199 ruam
1230 3161 1283 3198 esse
1298 3149 1376 3210 paco,
1395 3159 1470 3208 444444

290 3234 426 3294 saepissime
443 3237 593 3286 observatur.
615 3237 757 3301 Datumque.
777 3251 820 3300 qne
830 3239 868 3288 est
897 3237 994 3296 quael.
1005 3237 1088 3285 contra
1099 3237 1161 3292 hanc
1172 3249 1254 3288 vocem
1263 3235 1377 3298 (1444444444,
1390 3234 1471 3283 omnia

290 3324 460 3384 moliminum
477 3324 522 3373 cir.
535 3329 594 3375 4444.
607 3327 657 3378 Sat.
671 3331 702 3377 11.
718 3329 743 3378 4.
756 3327 799 3377 57.
812 3328 865 3377 secl.
896 3337 973 3387 uana,
985 3323 1033 3375 nisi
1043 3325 1109 3388 quod
1123 3327 1185 3374 bene
1195 3326 1258 3376 uidit
1267 3322 1408 3393 ἅινγὶλιπος
1419 3335 1471 3371 non

291 3411 330 3460 hic
346 3425 430 3464 versus
446 3415 521 3478 spirat
540 3416 632 3478 aliquid
652 3416 759 3477 epicum.
773 3415 868 3467 conteri
897 3413 1016 3466 4444444
1036 3415 1080 3464 seo
1097 3428 1112 3464 4
1128 3415 1217 3468 ituro
1234 3427 1285 3464 esse
1301 3406 1469 3462 derivandum!

293 3499 363 3561 vara.
382 3504 448 3564 vag.
468 3505 498 3554 4.
517 3504 544 3553 a.
567 3506 628 3560 sao.
657 3485 866 3567 orangenumque
896 3502 953 3552 4444
975 3503 1117 3554 ementem
1139 3503 1250 3552 44444444
1272 3516 1312 3565 ap.
1337 3501 1398 3550 oen.
1422 3499 1469 3548 aa.

292 3585 378 3639 domes
398 3593 555 3655 suspectaque
581 3593 712 3656 linquimus
737 3607 803 3655 arca.
829 3593 865 3643 id.
896 3591 966 3641 lion.
985 3593 1012 3641 44
1033 3593 1131 3652 vergea.
1148 3600 1175 3654 p.
1197 3593 1240 3641 46.
1259 3591 1291 3640 ile
1311 3591 1389 3660 Setia,
1410 3589 1471 3638 urbe

293 3677 319 3726 6.
333 3676 411 3738 eua.;
429 3692 474 3740 per
491 3681 588 3728 (44444444
604 3683 707 3742 populos
717 3683 867 3746 'mediaeque
896 3679 923 3730 in
938 3681 1057 3730 montium
1068 3682 1124 3742 lugo
1136 3681 1204 3730 iuxta
1220 3680 1360 3741 Pomptinos
1376 3691 1473 3741 mmpos

293 3777 337 3825 per
353 3766 427 3816 Elidis
442 3768 538 3817 urbem.
556 3768 582 3818 6.
595 3767 676 3830 894.;
694 3766 867 3831 Laurentisque
896 3769 943 3818 sita
959 3768 1005 3817 eir.
1023 3769 1136 3819 4444444444
1158 3769 1199 3817 lV.
1218 3768 1261 3818 ot.
1280 3769 1307 3818 et
1326 3770 1391 3818 xlii.
1411 3767 1469 3816 444.

292 3852 356 3902 dicei
372 3856 474 3916 populos
494 3857 626 3920 urbemque
650 3855 739 3907 44444444.
752 3858 867 3910 Ι44444444
897 3856 940 3906 ubi
955 3857 1060 3918 pmdule
1075 3856 1184 3905 vocetur.

291 3941 395 3990 lucilim
416 3945 485 3994 Ennii
506 3945 668 4008 sequipedalin
690 3947 765 3996 444444
781 3947 866 3998 irrisit.
932 3945 1310 4007 ⁵1.1ion.p.aae.e.vnrges.
1329 3945 1410 3994 444444
1429 3943 1472 3991 1444

327 4031 352 4110 t.
373 4032 493 4096 Porphyr.
510 4033 541 4083 ad
565 4037 624 4085 lior.
645 4036 671 4084 S.
690 4036 716 4088 4.
733 4035 759 4087 6.
774 4036 816 4085 68.
839 4051 867 4086 nc
897 4037 956 4094 tter,
975 4033 1040 4096 quod
1056 4046 1103 4084 nos
1116 4033 1240 4097 4444444444,
1259 4031 1435 4084 4444464441.

293 4118 365 4168 444444Ι
375 4119 463 4172 turim·
481 4122 515 4172 sic
526 4123 749 4174 dicituraPlanto:
769 4125 868 4172 44444444
931 4123 958 4172 8.
980 4124 1044 4174 lest.
1071 4136 1099 4184 p.
1120 4122 1180 4174 258.
1208 4122 1253 4172 lid.
1282 4124 1336 4172 044.
1363 4119 1472 4182 catium

293 4207 386 4263 4444444.
410 4211 452 4260 list
472 4210 546 4272 igitur
568 4213 692 4262 4444444444
715 4213 758 4261 4144
774 4213 864 4274 (ianua⁹
895 4211 967 4261 144444
985 4211 1063 4263 codol.
1084 4209 1188 4262 44444444
1204 4211 1237 4261 ci.
1254 4211 1368 4272 64444444.

292 4295 334 4344 ubi
346 4295 371 4346 in
381 4298 462 4348 medie
473 4298 632 4362 relinquitur,
651 4301 753 4352 virtutes
765 4313 796 4348 au
808 4299 865 4350 vitia
932 4301 957 4351 9.
974 4301 1092 4365 Porphyr.
1111 4301 1142 4351 acl
1159 4299 1218 4352 lior.
1237 4301 1262 4350 S.
1279 4299 1303 4347 l.
1319 4299 1345 4348 6.
1359 4299 1419 4347 406.
