3242 5138
246 475 263 512 x
678 453 728 510 DE
747 452 779 512 G.
794 452 933 512 LUCILII
952 454 1053 511 VITA.

245 602 386 675 lectatos,
410 618 480 662 eum
499 602 533 663 in
547 600 713 661 amicitiam
733 601 889 680 recepisse
902 599 1014 680 ;-quod
1033 601 1116 660 idem
1129 609 1162 662 et
1179 603 1311 667 Archiae
1324 613 1436 684 poetae

245 723 413 786 admodum
446 721 552 784 iuveni
586 723 780 802 contigerat,
817 731 851 784 ut
880 723 1077 786 nobilissimis
1106 725 1180 786 viris
1213 733 1320 804 gratus
1355 736 1438 789 esset

246 853 340 926 atque
359 846 524 908 iucundus.
567 847 628 924 Qui
648 853 753 907 autem
778 847 896 926 ingenii
924 846 1134 909 maturitatem
1158 852 1189 906 et
1212 847 1337 909 laudem
1356 867 1436 928 poe-

246 973 340 1032 ticam
367 972 399 1031 in
431 953 530 1050 puero
563 969 770 1040 admirantur,
802 969 825 1027 ii
855 968 1042 1029 admonendi
1063 984 1130 1028 esse
1151 967 1314 1043 videntur,
1345 971 1436 1030 aliam

246 1093 390 1180 poeticae
422 1092 595 1164 facultatis,
629 1091 720 1150 aliam
745 1089 905 1151 doctrinae
936 1107 1003 1151 esse
1033 1091 1197 1152 rationem.
1240 1091 1327 1151 Multi
1353 1094 1436 1153 enim

245 1216 342 1295 ipsius
361 1223 492 1276 naturae
511 1211 621 1272 habitu
642 1198 856 1291 p‘ropedivino
877 1213 939 1272 iam
959 1212 1066 1290 primis
1080 1212 1232 1291 pueritiae
1253 1191 1342 1272 aunis
1360 1213 1437 1274 clari

245 1343 358 1415 poetae
378 1337 580 1407 exstiterunt,
613 1351 693 1412 quae
721 1334 788 1395 lau's
811 1341 942 1414 postea,
965 1314 1037 1396 cnm
1061 1336 1140 1396 ratio
1167 1336 1319 1413 quaedam
1343 1340 1436 1412 atque

246 1459 450 1525 conformatio
469 1457 629 1519 doctrinae
650 1457 858 1550 accessisset,
878 1475 960 1518 novo
982 1456 1148 1535 splendore
1175 1466 1266 1518 aucta
1289 1464 1346 1518 est.
1380 1459 1434 1518 I'i-

246 1579 350 1640 bullus
365 1580 417 1640 vix
438 1579 588 1641 tredecim
613 1596 710 1640 annos
731 1586 822 1640 uatus
845 1580 1005 1643 Messalam
1024 1580 1056 1638 ln
1083 1579 1200 1640 bellum
1219 1581 1437 1659 Aquitanieum

244 1719 350 1762 comes
369 1708 494 1762 secutus
516 1707 583 1772 est;
611 1699 717 1772 credo,
739 1699 822 1778 quod
847 1697 941 1760 homo
962 1699 1072 1760 doctus
1097 1707 1190 1778 atque
1217 1702 1372 1764 litteratus
1398 1702 1438 1763 de

245 1822 372 1902 ingenio
401 1822 608 1884 adolescentis
630 1823 745 1884 bonam
766 1839 853 1900 spem
873 1829 1074 1901 conceperat,
1107 1841 1178 1883 eum
1198 1825 1381 1903 'cognitione
1408 1830 1440 1885 et

246 1944 381 2007 amicitIa
402 1945 530 2025 dignum
549 1944 710 2006 iudicavit.
745 1945 872 2018 Cicero,
895 1963 966 2006 cum
982 1939 1196 2024 praetextatus
1217 1952 1314 2019 esset,
1338 1947 1434 2026 gloria

245 2066 525 2144 ingenii·omnibus
546 2066 737 2127 antecelluit.
779 2065 881 2143 Quid!
916 2066 998 2144 quod
1034 2069 1170 2129 Catullus
1200 2077 1231 2130 ct
1257 2069 1438 2148 Propertius
1470 2081 1475 2088 ’

246 2195 278 2248 et
300 2187 360 2266 ipsi
384 2188 481 2247 multo
506 2194 578 2248 ante
604 2189 923 2268 vigesimumaetatis
952 2203 1067 2252 aunum
1095 2196 1127 2249 et
1153 2191 1292 2249 carmina
1312 2205 1438 2267 compo·

247 2319 393 2383 suerunt,
417 2316 449 2369 et
468 2309 591 2388 poetica
610 2297 704 2370 laude
723 2308 961 2371 inclaruerunt?
980 2309 1040 2371 Sed
1063 2310 1096 2369 in
1117 2328 1178 2388 quo
1200 2311 1303 2389 poesis
1322 2327 1437 2391 genere

222 2403 225 2408 ⁵
246 2439 386 2494 versatus
416 2439 464 2494 est
491 2432 643 2504 Lucilius,
675 2419 708 2495 id
738 2432 860 2492 facilius
878 2432 974 2510 ,etiam
1000 2448 1022 2511 a,
1048 2446 1146 2511 puero
1166 2433 1295 2521 tractari
1322 2434 1434 2511 potuit,

247 2553 346 2631 quod,
369 2553 573 2614 dominatum
588 2541 626 2614 ¹et
646 2571 663 2613 a
683 2554 853 2632 majoribus
867 2552 1027 2626 traditum,
1044 2570 1105 2613 non
1119 2560 1183 2613 tam
1202 2555 1307 2614 multis
1327 2555 1436 2618 studiis
1484 2615 1486 2620 .

249 2683 342 2755 atque
356 2676 499 2738 doctrina
520 2682 659 2749 constat,
681 2693 773 2754 quam
787 2676 881 2746 animi
902 2675 1047 2737 libertate
1068 2682 1100 2736 et
1117 2675 1237 2756 Ingenii
1256 2692 1336 2737 vena
1356 2676 1439 2736 cele-

246 2768 370 2860 bratum
390 2799 459 2859 fuit.
501 2781 618 2874 Quidni
637 2799 733 2878 igitur
753 2805 941 2870 statuamus,
971 2817 1104 2877 puerum
1128 2805 1372 2878 praetextatum,
1404 2801 1437 2859 in

247 2919 386 3000 ridendis
406 2917 566 2981 hominum
583 2919 666 2980 vitiis
680 2937 784 2981 acrem
806 2926 899 2996 atque
918 2919 1066 2992 facetum,
1089 2937 1160 2980 cum
1182 2922 1276 2980 animi
1297 2921 1433 2982 candore

246 3047 339 3119 atque
361 3042 497 3121 ingenuo
527 3049 559 3102 et
585 3041 685 3103 libero
705 3040 845 3113 fastidio,
877 3046 942 3102 tum
973 3039 1121 3099 oraticula
1147 3038 1316 3101 festivitate
1343 3046 1436 3118 atquc

246 3162 392 3224 facundia
428 3162 560 3242 gratiam
589 3163 742 3242 Scipionis
770 3163 944 3224 meruisset
979 3135 1095 3240 puanta
1114 3163 1208 3254 enim
1242 3161 1435 3222 familiaritas

245 3285 328 3346 inter
346 3285 522 3364 ScipIonem
542 3290 574 3346 et
594 3285 743 3345 Lucilium
766 3284 994 3358 intercesserit,
1018 3281 1162 3344 Horatius
1180 3276 1269 3344 testis
1288 3290 1336 3344 est
1348 3287 1365 3342 ι’

401 3407 484 3484 Quin
504 3407 559 3468 ubi
578 3424 611 3468 se
631 3423 650 3466 a
670 3407 763 3486 vulgo
786 3413 818 3466 et
838 3423 931 3467 scena
950 3406 984 3465 ln
1003 3410 1124 3467 secreta
1144 3408 1302 3466 remorant

399 3529 505 3591 Virtus
524 3526 687 3609 Scipiadae
707 3535 740 3590 et
757 3527 840 3590 mitis
859 3528 1010 3620 sapienda
1032 3526 1133 3599 Laeli,

401 3655 517 3733 Nugari
537 3673 607 3714 cum
627 3655 680 3714 illo
702 3661 733 3714 et
753 3653 895 3714 dlacincti
915 3650 1041 3723 ludere,
1068 3651 1169 3712 donec

290 3795 292 3802 ’
366 3811 368 3820 =
399 3775 635 3854 Decoqueretur
653 3777 737 3849 olus,
761 3775 862 3845 soliti;

247 3896 286 3957 ad
305 3913 382 3974 quos
409 3913 517 3959 versus
537 3897 616 3959 haec
636 3899 866 3959 commentator
887 3895 992 3957 addit:
1025 3897 1125 3956 ..f.....
1147 3895 1251 3975 Scipio
1271 3893 1436 3956 Africanus

247 4018 327 4078 enim
351 4025 383 4079 et
402 3992 529 4081 Laelius
542 4020 688 4082 feruntur
706 4027 770 4082 tam
791 4018 887 4098 fuisse
900 4019 1067 4080 familiares
1081 3999 1223 4079 et'amici
1245 4017 1378 4095 Lucilio,
1401 4022 1436 4074 ut

246 4140 381 4218 quodam
409 4149 550 4221 tempore
580 4143 682 4204 Laeli0
711 4143 830 4203 circum
858 4143 956 4202 lectos
984 4140 1111 4206 triclinii
1138 4140 1269 4220 fugienti
1296 4137 1435 4199 Lucilius

246 4264 470 4342 superveniens
489 4281 561 4326 cum
580 4265 703 4326 obtorta
723 4275 836 4344 mappa·
856 4265 943 4342 quasi
963 4262 1112 4324 feriturus
1126 4259 1341 4342 sequeretur.”
1365 4259 1434 4335 Quo

246 4386 372 4464 quidem
402 4403 473 4448 cum
507 4389 576 4449 loco
607 4388 740 4468 egregie
755 4388 862 4449 Cicero
893 4385 1061 4458 consentit,
1092 4388 1149 4464 qui·
1169 4385 1278 4446 auctor
1304 4387 1366 4452 est,
1395 4379 1434 4442 de
