3290 5130
295 455 380 499 eurr
667 439 718 498 DE
736 439 933 498 currens
952 429 1107 500 tuctur.-

373 585 434 650 Sed
459 587 554 650 etism
581 587 773 648 eontrarium
798 587 955 661 occurrit,
989 594 1026 648 ιιι
1051 605 1081 647 m
1108 589 1159 649 vel
1179 593 1255 649 anta
1281 597 1489 656 consonantes

296 709 519 790 supprimatur,
539 708 622 789 qnod
641 716 677 771 ιιι
695 710 728 771 in
751 708 975 790 pronuntiandi
1001 710 1122 772 radone
1148 709 1283 789 positum
1309 728 1379 773 esse
1398 720 1487 792 puto,

295 832 339 894 ita
359 837 467 912 postes
488 849 552 894 uon
571 831 703 913 amptius
722 829 920 895 observatum
936 838 1002 907 est,
1025 832 1084 894 nisi
1098 831 1183 913 qnod
1200 833 1234 894 in
1247 849 1390 896 sermono
1403 835 1490 916 vulgi

296 954 409 1035 prioris
429 954 663 1018 consuetudinis
686 955 817 1036 vestigia
844 961 967 1018 serrata
986 961 1069 1018 sunt.
1097 955 1157 1017 cir.
1179 956 1305 1018 Gruteri
1331 956 1489 1036 inscripti.

297 1075 364 1140 tud.
380 1077 516 1140 Gramm.
532 1095 558 1142 s.
572 1095 603 1141 v.
618 1095 661 1140 m.
681 1077 773 1139 tinais
794 1078 951 1141 omissum.
971 1077 1155 1158 cunnegtet.
1170 1077 1293 1140 dissert.
1311 1079 1351 1140 de
1371 1079 1490 1144 Ariane

296 1216 325 1262 c.
340 1199 389 1264 an.
413 1219 445 1281 p.
460 1200 530 1264 506.
550 1199 612 1263 cir.
627 1201 754 1262 (icrunt.
773 1216 824 1280 ap.
843 1199 982 1262 Cassiod.
1004 1217 1037 1279 p.
1053 1200 1140 1262 9989.
1173 1246 1196 1275 „
1208 1217 1266 1280 par
1289 1201 1372 1263 euim
1396 1209 1490 1286 atque

295 1323 379 1386 idern
400 1330 447 1385 cst
466 1323 586 1399 vitium,
614 1323 658 1386 ita
678 1341 749 1385 cum
770 1323 870 1385 vocali
890 1324 971 1385 sicut
999 1339 1070 1386 cum
1089 1329 1280 1386 consonante
1300 1343 1331 1384 m
1352 1325 1491 1388 litteram

296 1443 504 1526 exprimere?
532 1462 626 1526 quum
646 1445 772 1525 quidem
792 1445 959 1508 landonem
979 1462 1046 1508 esse
1066 1459 1175 1509 veram
1193 1446 1285 1508 tacite
1304 1447 1488 1522 credideris,

297 1568 324 1632 si
345 1585 425 1647 quus
446 1571 526 1632 tion.
547 1567 587 1630 ad
607 1571 733 1632 Terent.
754 1568 887 1648 Adelph.
911 1570 949 1632 tt.
972 1571 998 1631 t.
1013 1569 1063 1632 sn.
1085 1568 1320 1646 animadvertit,
1342 1572 1491 1633 memoria

298 1692 456 1754 tenueris:
479 1710 534 1766 „m
548 1693 652 1755 littera
666 1699 714 1754 ιιι
727 1692 855 1754 nimium
869 1705 996 1771 pressae
1010 1692 1095 1756 vocis
1107 1709 1145 1754 uc
1159 1707 1260 1773 paene
1274 1693 1412 1756 nullius''
1427 1701 1489 1756 etc.
1522 1733 1526 1740 ·

296 1811 358 1876 sed
378 1832 486 1877 versus
505 1815 682 1877 Lucilianus
702 1821 767 1889 est,
788 1811 856 1875 Lib.
873 1815 967 1876 XXX.
983 1815 1033 1876 tt).

355 1937 418 2000 Sed
438 1941 542 1999 ιιιιιιιι
561 1935 621 1998 hoc
639 1937 743 2011 dicas,
764 1937 840 2015 quid
859 1937 892 2002 id
913 1945 976 2012 est,
998 1939 1024 1999 si
1046 1955 1182 2000 noenum
1202 1939 1365 2002 molestum
1378 1945 1437 2002 est.

299 2049 477 2148 indedicat
498 2059 629 2121 fortasse
649 2059 760 2137 aliquis
783 2059 876 2120 etiam
898 2060 963 2121 Lib.
981 2061 1076 2122 XXX.
1091 2059 1141 2122 di.
1233 2085 1236 2090 ·

1070 2184 1108 2242 Ει

452 2305 507 2367 tiis
525 2309 557 2366 te
576 2303 719 2366 versibus
741 2303 863 2365 interea
884 2304 1043 2365 contentu'
1063 2310 1182 2366 teneto.

299 2429 336 2488 Et
355 2435 526 2488 contentum
548 2433 580 2488 et
599 2434 756 2488 contentus
776 2443 866 2505 posse
886 2425 970 2504 legi,
991 2441 1062 2485 cum
1082 2430 1248 2502 utrumque
1267 2424 1360 2486 salvis
1376 2443 1497 2488 sarmo-

298 2547 347 2610 nis
367 2548 467 2610 Latini
489 2548 612 2630 legibus
632 2555 719 2612 recte
741 2547 801 2610 dici
823 2565 914 2627 posse
934 2546 1089 2610 videatur.
1112 2547 1171 2608 cir.
1195 2547 1333 2626 interpp.
1350 2546 1391 2608 ad
1406 2549 1495 2629 virg.

298 2675 377 2734 Aen.
393 2671 473 2734 it.t.
512 2671 573 2734 Sed
598 2689 661 2732 nora
686 2672 788 2733 minus
814 2688 909 2750 saepe
938 2689 969 2731 m
998 2670 1145 2742 eliditur3
1174 2667 1304 2748 quodsi
1326 2667 1496 2732 admissum
1603 2743 1610 2754 Ι

299 2795 359 2856 erit
380 2793 455 2856 cod.
480 2795 645 2856 bernensis
664 2794 757 2857 lectio
777 2800 864 2856 recte
886 2792 1066 2855 detenditur
1085 2789 1157 2868 Lib.
1174 2791 1269 2853 XXX.
1290 2791 1321 2853 9.
1350 2838 1372 2868 „
1382 2791 1495 2854 Omnia

300 2925 363 2978 tum
384 2918 460 2978 endo
478 2916 586 2978 ιιιιιιιιο
607 2917 712 2978 uideas
735 2914 871 2995 fervente
894 2917 1039 2977 micare.”
1064 2922 1173 2978 contra
1194 2913 1220 2976 si
1246 2923 1309 2975 tum
1330 2914 1494 2990 omittitur,

299 3038 413 3100 iterum
432 3035 537 3099 hiatus
557 3037 767 3100 admittendus
787 3045 845 3100 est.
887 3039 1002 3100 Contra
1022 3039 1088 3100 ictu
1106 3039 1157 3100 val
1177 3039 1238 3100 arsi
1258 3037 1363 3101 brevis
1375 3037 1494 3117 sydaba

298 3157 426 3222 uidetur
446 3178 513 3223 esse
534 3159 687 3240 producta
709 3163 744 3222 L.
763 3161 890 3222 XXVII.
914 3161 962 3222 90.

382 3255 445 3346 dut
464 3282 548 3362 quod
568 3282 704 3345 animum
723 3284 847 3346 induxit
866 3285 962 3346 seruet
982 3289 1014 3346 ιι
1036 3283 1072 3347 ιἰι
1089 3285 1143 3348 illc
1163 3284 1287 3346 omniuo
1307 3285 1415 3363 putat!

300 3406 360 3470 cir.
383 3408 464 3470 XVI.
488 3409 518 3472 9.
542 3425 668 3470 remum
690 3408 788 3489 magis
808 3408 901 3470 etiam
922 3413 1123 3488 corruptum:

761 3531 886 3612 Lysippi
910 3531 1051 3611 luppiter
1068 3530 1128 3592 ista

455 3653 612 3716 Transivit
632 3653 837 3734 quadraginti
854 3660 859 3725 1
877 3653 983 3716 cubita
1000 3661 1006 3727 Ι
1024 3653 1096 3714 aito'
1115 3653 1261 3715 Tarento.

300 3773 352 3834 tX.
374 3772 403 3848 d,
426 3773 474 3835 tt.
495 3774 584 3852 Quae
602 3773 686 3846 iacit
702 3774 772 3838 mris
791 3775 888 3838 addes
907 3777 948 3850 E,
971 3777 1057 3856 peitn
1076 3782 1112 3836 ιιι
1130 3775 1253 3856 plenius
1271 3775 1336 3838 rut.

300 3897 353 3960 lX.
376 3898 424 3973 tn,
445 3899 474 3959 9.
499 3900 551 3960 Est
570 3899 653 3979 quod
675 3899 795 3961 munon’
815 3900 908 3962 miser
929 3899 1017 3961 exilis
1037 3897 1153 3959 raurice
1173 3915 1297 3979 magno.

376 4019 436 4082 Sed
457 4021 569 4084 crebra
588 4021 641 4083 iiia
660 4022 814 4084 vocalium
835 4023 1009 4096 concursio,
1037 4038 1130 4100 quam
1144 4039 1261 4103 ‚magna
1285 4041 1324 4084 ex
1349 4029 1438 4103 parte
1459 4029 1494 4082 ut

300 4141 441 4204 vitiosam
462 4142 625 4223 fugiebant
644 4146 777 4206 seriores
798 4152 926 4225 poetae,
947 4145 980 4206 in
1001 4145 1088 4206 tenui
1102 4146 1249 4208 orationis
1265 4161 1382 4222 gauere
1402 4144 1493 4206 molis

301 4262 449 4343 quiddam
474 4263 593 4328 habere
612 4267 789 4342 videbatur,
817 4274 850 4329 ιι
866 4267 950 4346 qnod
973 4266 1092 4336 iudicat
1118 4285 1180 4330 non
1207 4269 1362 4348 ingratam
1388 4268 1492 4349 negti-

300 4388 448 4468 gentiam,
475 4387 514 4452 de
537 4406 572 4452 rc
598 4391 730 4454 nominis
750 4388 848 4472 magis
867 4408 960 4470 quarn
982 4390 1021 4454 de
1041 4391 1146 4456 verbis
1164 4390 1345 4454 laborantis.
1386 4389 1493 4468 Quare
