3250 5136
291 403 339 458 tor
667 399 900 460 TESTIMONIA
920 398 1099 459 VETBRUM

341 691 566 768 Testimooio
599 691 774 766 Veterum
801 693 847 767 dc
875 691 1023 781 [lucilio
1050 687 1157 763 etde
1186 687 1424 763 Saturarum

769 833 998 926 orpomeuto.

313 1012 340 1071 l.
365 1011 414 1072 Ex
434 1010 550 1095 quibus
575 1011 726 1073 scientiae
748 1009 925 1091 disciplinis
949 1015 1068 1074 tantum
1090 1009 1195 1074 cordis
1219 1028 1400 1084 assumere,
1431 1011 1480 1074 di·

365 1125 536 1190 vinationis
553 1130 673 1188 tantum
693 1125 841 1205 potuistis
862 1123 1012 1188 hauriret
1043 1123 1127 1198 Quia
1150 1143 1208 1205 per
1230 1141 1323 1189 casus
1344 1130 1377 1186 ct
1398 1129 1479 1188 tcm-

366 1257 445 1320 pora
469 1239 631 1300 declinare
653 1239 750 1300 verba
775 1238 862 1299 scitis
884 1244 915 1299 et
937 1238 1085 1310 nomina,
1112 1238 1187 1321 quia
1207 1256 1302 1300 voces
1323 1239 1478 1300 barbaras

367 1353 775 1436 soloecismosque'ritare,
798 1353 872 1434 quia
886 1371 1090 1414 numerosum
1112 1359 1143 1414 et
1165 1353 1367 1427 instructum,
1390 1372 1478 1415 oom-

365 1469 567 1552 positnmque
598 1485 777 1532 sermonem
807 1472 861 1530 aut
890 1467 952 1548 ipsi
980 1485 1035 1530 vos
1063 1468 1162 1530 nostis
1192 1469 1323 1543 efferre,
1355 1473 1408 1532 aut
1429 1467 1478 1530 in-

367 1587 513 1663 comptus
546 1600 618 1644 enm
648 1581 744 1642 luserit
780 1581 891 1642 scire:
927 1581 1003 1663 quia
1036 1581 1184 1661 fornicem
1216 1582 1421 1644 Lucilianum*
1445 1590 1478 1645 et

365 1697 522 1781 Marsyam
552 1695 718 1778 Pomponii
750 1696 951 1777 obsignatum
985 1697 1138 1758 memoria
1170 1696 1361 1759 continetis:
1401 1697 1476 1780 quia

365 1832 446 1898 quae
471 1812 588 1874 sintin
615 1809 723 1875 litibus
751 1811 1014 1886 constitutiones,
1043 1817 1122 1898 quot
1150 1831 1317 1876 causarum
1345 1832 1474 1896 genera,

368 1933 446 2010 quot
468 1926 660 1999 dictionum,
682 1926 759 2008 quid
779 1927 820 1991 sit
840 1945 957 2008 genus,
983 1926 1060 2009 quid
1083 1928 1227 2009 species,
1250 1928 1433 2010 oppositum
1457 1948 1476 1990 a

368 2044 525 2104 contrario
549 2041 664 2124 qulbus
683 2041 860 2103 rationibus
876 2041 1087 2123 distinguatur
1098 2060 1113 2101 z·
1127 2042 1244 2103 iccirco
1258 2041 1323 2103 Vos
1342 2042 1478 2109 arbitra-

365 2157 439 2219 mini
471 2157 553 2220 scire
583 2155 658 2238 quid
686 2157 726 2218 sit
752 2155 883 2228 salsum,
912 2155 988 2241 quid
1015 2175 1143 2228 verum,
1172 2155 1247 2238 quid
1268 2155 1337 2218 lieri
1361 2156 1474 2239 possit,

357 2277 418 2334 aut
445 2290 510 2335 non
542 2271 664 2354 possit:
696 2290 778 2353 qnae
808 2272 942 2337 imorum
973 2289 1233 2351 summorumque
1265 2276 1379 2334 natura
1409 2272 1474 2333 sitt

365 2386 484 2446 Arnob.
500 2385 571 2448 adr.
587 2385 704 2446 Gentes
725 2383 764 2444 ll.
780 2384 810 2444 6.
828 2405 860 2464 p.
874 2384 923 2446 5⁰.
939 2384 998 2444 Ed.
1015 2383 1126 2445 Orelli.

311 2502 341 2563 2.
365 2500 427 2562 Sed
456 2505 487 2561 et
508 2499 586 2562 deos
608 2497 830 2560 Conserenteis
859 2496 1045 2580 (Consentes
1055 2499 1082 2576 l)
1109 2498 1176 2580 pari
1201 2517 1289 2559 more
1316 2519 1353 2562 ac
1381 2499 1473 2561 dissi·

362 2615 536 2678 mulatione
564 2619 744 2686 taceamus,
775 2632 857 2695 quos
885 2632 956 2675 cum
983 2613 1118 2674 caeteris
1140 2613 1251 2674 scribit
1277 2613 1411 2676 Flaccus
1438 2614 1472 2676 in

362 2731 491 2793 humani
516 2730 608 2812 penis
637 2729 875 2791 similitudinem
898 2746 1008 2790 versos
1035 2728 1181 2789 obruisse
1206 2747 1240 2789 sc
1267 2728 1385 2803 cineri,
1416 2729 1471 2811 qui

363 2845 422 2908 sub
437 2845 536 2906 ollula
559 2843 663 2904 luerat
681 2844 782 2904 lactus
803 2849 968 2904 extorum:
990 2861 1084 2923 quem
1106 2861 1177 2903 cum
1198 2842 1355 2928 Tanaquil
1370 2842 1471 2904 dimo-

363 2966 470 3030 veret,
504 2957 649 3017 Etruriae
680 2956 920 3037 disciplinarum
951 2959 1072 3036 perita,
1104 2957 1280 3018 surrexisse
1311 2977 1345 3019 se
1378 2958 1469 3030 deos,

366 3079 398 3132 ct
418 3071 520 3132 nervis
542 3069 732 3130 obduruisse
756 3070 881 3131 divinis.
915 3071 1145 3133 Corniculanae
1165 3070 1240 3132 inde
1265 3072 1472 3152 imperavisse

366 3183 517 3264 Captivae
541 3189 575 3244 ut
597 3183 789 3266 intelligeret
812 3191 842 3245 et
862 3192 1066 3266 agnosceret,
1094 3187 1148 3268 qui
1172 3185 1231 3247 sibl
1251 3203 1301 3247 res
1331 3185 1469 3247 vellent:

364 3298 518 3361 Ocrisiam
542 3298 821 3379 prudentissimam
841 3298 1012 3361 foeminam
1037 3298 1160 3362 divinos
1183 3287 1354 3361 inseruisse
1378 3299 1469 3380 geni-

362 3414 439 3487 tali,
474 3413 666 3496 explicuisse
698 3419 802 3474 motus
832 3419 947 3476 certos.
995 3415 1083 3476 Tunc
1116 3420 1224 3477 sancta
1255 3419 1285 3475 et
1313 3413 1469 3475 terrentia

361 3530 492 3594 numina
511 3531 573 3589 uim
595 3529 756 3590 vomuisse
779 3529 881 3590 Lucili
907 3547 943 3590 ac
971 3547 1077 3609 regem
1100 3530 1241 3591 Servium
1264 3535 1373 3591 natum
1398 3547 1469 3592 esse

361 3645 549 3705 Romanum.
571 3642 690 3704 Arnob.
707 3643 778 3705 adv.
796 3643 888 3705 Gent.
904 3643 974 3704 Lib.
992 3643 1028 3703 V.
1045 3644 1091 3703 18.
1107 3661 1138 3722 p.
1156 3644 1222 3705 180.
1238 3643 1297 3706 Ed.
1314 3643 1352 3704 Ο.

306 3759 335 3818 3.
360 3759 556 3818 Hierootmus
569 3758 610 3818 od
622 3758 829 3818 cocomarium
844 3757 868 3818 l.
880 3760 930 3818 7..·
945 3756 1126 3818 Secundum
1142 3757 1233 3836 illud,
1251 3759 1366 3842 dequo
1380 3761 1471 3821 semet

361 3873 394 3930 io
414 3873 478 3932 vito
493 3873 637 3933 Croesum
658 3872 703 3936 ait
716 3873 820 3934 risisse
838 3871 1002 3934 Lucilius:
1025 3871 1159 3934 Similem
1175 3874 1285 3934 babent
1299 3875 1387 3935 labro
1403 3876 1467 3938 toc-

360 3995 470 4057 tucom,
482 3988 570 4046 ocimo
580 3989 710 4048 carduos
719 3989 894 4048 comedente.
913 3986 996 4045 Idem
1007 3987 1048 4046 od
1058 3986 1279 4048 Demetriadem
1291 3989 1313 4047 l.
1330 3990 1415 4049 teos
1429 3990 1468 4048 Et

359 4103 400 4163 lt.
418 4101 562 4162 Crassitm
576 4105 665 4164 semel
684 4105 717 4163 in
732 4105 795 4164 oito
809 4100 919 4163 scribit
931 4101 1035 4160 risisse
1049 4101 1203 4162 Lucilius.
1225 4103 1309 4162 ldcm
1324 4105 1468 4164 aduersus

359 4217 541 4299 Ruffiuum:
567 4219 635 4301 Ego
657 4223 741 4282 certo
766 4223 800 4280 ut
825 4215 945 4277 bomini
970 4217 1170 4278 severissimo
1191 4217 1288 4278 risum
1311 4237 1467 4290 moveam,

357 4340 392 4396 ut
417 4335 549 4396 imiteris
576 4332 749 4415 aliquando
778 4331 938 4403 Crassum,
971 4349 1056 4410 quem
1085 4333 1175 4393 secret
1203 4334 1236 4392 ic
1272 4334 1336 4393 vito
1366 4334 1469 4394 risisse
