3290 5130
287 376 306 428 8·
669 369 700 426 G.
719 367 859 432 LUCILII
877 365 1081 434 aulicorun

290 521 327 582 ut
346 519 543 584 lurcharctur
561 515 684 581 lardum
706 521 737 576 ct
758 514 902 578 carnaria
921 512 1027 574 furtim

292 610 473 702 conficeret.

366 749 414 811 21.
436 747 644 812 Noctilucam.
708 739 713 747 ⁷
789 799 791 806 .

365 865 414 927 22.
437 864 602 926 Lustratus
621 861 738 944 piatus.
977 931 980 936 ¹

364 979 412 1040 23.
434 957 692 1059 randum'atque
712 975 853 1038 auritum
873 975 933 1036 uer
953 973 997 1048 ao,
1014 974 1077 1035 imo
1102 973 1172 1034 u...

296 1139 484 1149 -α--ο

291 1232 349 1278 tuuc
368 1229 419 1279 sive
443 1228 553 1279 Mutine.
577 1206 663 1288 torum
686 1237 775 1287 parom
798 1225 869 1300 roasa
894 1225 997 1280 cendum
1014 1224 1130 1296 fascinum
1144 1221 1170 1272 tn
1186 1235 1231 1272 usu
1248 1221 1322 1270 iussa
1336 1220 1406 1270 tacite
1417 1233 1470 1268 crc-

208 1320 211 1326 ’
291 1316 368 1367 codd.
386 1316 467 1366 lectio.
486 1317 528 1364 sed
549 1317 614 1364 recto
632 1314 692 1364 cod.
711 1313 801 1376 llontp.
819 1325 865 1374 po-
895 1313 1017 1376 diderlnr:
1036 1313 1102 1364 unde
1119 1313 1216 1362 Gloriae
1236 1309 1339 1360 vueres.
1365 1310 1469 1392 „lluto-

290 1407 347 1454 rum
372 1403 476 1466 omittit,
501 1402 569 1464 quod
591 1416 623 1452 cx
648 1415 722 1465 prava
746 1401 865 1464 scriptura
895 1401 963 1460 nium
975 1395 1471 1474 apoaoccotvnovognovxttoogfl

290 1494 356 1543 vocis
373 1490 535 1540 antecedentis
553 1491 633 1540 ortum
649 1504 701 1540 esse
712 1489 817 1540 videtur.
834 1501 865 1537 ex
895 1491 959 1538 ilaec
975 1489 1123 1550 Etymoloqia
1142 1489 1217 1550 magis
1234 1487 1318 1548 utique
1335 1485 1468 1549 probanda,

291 1581 376 1641 fartim
387 1579 463 1642 eninr„
475 1579 542 1642 quod
559 1579 672 1640 corrupte
689 1579 715 1646 in
726 1577 802 1627 dudd.
820 1590 865 1639 pro
896 1585 968 1640 quam
985 1589 1070 1626 eorum
1090 1577 1187 1640 opInio,
1212 1575 1255 1638 qui
1275 1575 1334 1623 haec
1354 1573 1470 1623 vocabula

290 1669 377 1729 trrrttm
401 1669 490 1729 legitur
511 1667 616 1726 partim,
639 1678 742 1727 parom,
766 1668 866 1726 potarem
896 1667 1014 1714 auocet
1031 1669 1073 1715 tua
1093 1665 1147 1713 ficta
1164 1677 1216 1713 esee
1233 1663 1389 1725 arbitrantur,
1408 1672 1470 1724 quae

287 1759 371 1807 'ortum
392 1758 447 1805 cta
469 1753 574 1803 librariis
595 1754 726 1815 utrumque
745 1753 866 1803 retentum
897 1755 1003 1803 amantea
1038 1753 1101 1802 inter
1128 1753 1266 1814 complexus
1291 1751 1468 1812 usurpaverint.

292 1843 499 1894 est..Deltutino
512 1842 557 1891 cfr.
570 1841 634 1890 lest.
646 1856 673 1902 p.
687 1841 737 1898 ldt
754 1841 798 1890 ad.
812 1843 864 1891 Old.
895 1843 977 1904 ltaque
994 1843 1071 1905 pluris
1093 1841 1218 1903 inurenda,
1244 1853 1306 1912 quae
1326 1842 1397 1889 lanua
1417 1841 1470 1888 Gu-

290 1933 355 1981 unde
364 1933 432 1995 patet
439 1944 526 1980 nomen
533 1929 657 1986 Mutuum
665 1923 773 1978 Pitinum
781 1929 864 1997 lunae.
896 1929 991 1980 lielmus
1007 1929 1118 1980 Verisim.
1130 1933 1151 1986 l.
1164 1929 1207 1980 23.
1228 1911 1351 1990 disputat,
1364 1927 1408 1988 qui
1422 1937 1470 1975 ro-

292 2021 360 2082 Apud
378 2019 504 2091 augustin.
518 2017 548 2066 de
562 2017 612 2066 Cir.
625 2017 716 2069 deilv.
729 2020 760 2065 11.
773 2018 867 2066 rerba:
897 2018 1007 2067 rabulum
1025 2020 1092 2067 muto
1116 2017 1211 2068 duobus
1234 2017 1286 2066 aliis
1309 2015 1393 2064 Lucilii
1414 2013 1473 2062 locis

292 2108 365 2170 „ipsc
384 2107 416 2156 sit
431 2106 545 2155 ldutunus
559 2105 740 2154 rcl‘.'l'utunus“
758 2113 867 2165 magnam
898 2104 1028 2154 obtrudere
1049 2105 1126 2166 cupit.
1144 2106 1190 2155 cir.
1213 2105 1316 2154 orcllius
1338 2093 1369 2152 ad
1392 2103 1472 2151 Arno-

289 2178 405 2245 exhibent
436 2193 548 2242 lectionis
563 2193 731 2258 armenum,
758 2193 817 2242 Vive
842 2196 868 2243 et
897 2191 964 2239 bium
980 2193 1022 2242 lv.
1035 2193 1061 2240 7.
1080 2194 1105 2241 et
1121 2195 1292 2242 danemannue
1309 2191 1341 2242 ad
1356 2190 1474 2240 Lactantii

290 2282 452 2336 Benedictinis
481 2281 593 2330 tectibus.
636 2279 707 2341 Apud
737 2281 867 2330 Amutrium
897 2281 950 2329 lrilr.
970 2283 990 2330 l.
1010 2293 1034 2330 c.
1045 2279 1088 2329 20.
1110 2277 1194 2342 §.dd
1223 2279 1294 2342 apud
1317 2283 1408 2328 limam
1428 2279 1474 2327 troo

291 2372 332 2418 lV.
353 2373 385 2418 ll.
428 2371 532 2420 diatono
559 2368 585 2416 ct
611 2369 706 2416 lictum
732 2369 882 2424 coniectura
897 2366 1060 2428 traqmentum
1076 2369 1138 2418 libro
1155 2369 1195 2414 lv.
1216 2367 1368 2416 adscribitur.

292 2456 479 2507 restimtasunt.
501 2455 773 2505 Derootr.=Salmasius
788 2459 866 2506 Exer-
932 2455 976 2502 2¹.
994 2456 1060 2504 Feat.
1076 2466 1103 2516 p.
1119 2455 1178 2502 lat.
1205 2453 1472 2518 noctiluqcm'l’aulus.

291 2546 347 2594 citt.¹
355 2545 478 2594 Pliuianae
490 2544 521 2592 ad
530 2541 638 2592 Solinnm
650 2545 763 2593 cxxiv.
773 2558 799 2605 p.
807 2544 867 2594 llll.
898 2541 1042 2591 noctilruam
1055 2543 1164 2592 Ursinus.
1194 2543 1327 2604 „Lucilius
1338 2543 1474 2605 comatur,

290 2634 332 2696 qui
349 2635 460 2684 tratiaco
478 2646 491 2682 a
508 2645 592 2694 graeco
609 2631 722 2699 pricoog
733 2632 783 2680 sive
794 2630 867 2700 μύτ-
899 2631 1042 2680 obscaenum
1059 2631 1209 2692 significat.“
1227 2631 1271 2680 ced
1287 2643 1343 2678 cunr
1360 2630 1417 2680 lruic
1427 2645 1473 2682 vo·

291 2739 347 2778 coo
373 2722 390 2770 l.
409 2735 432 2770 e.
458 2725 623 2790 γυναικεῖον
648 2720 752 2772 derivat.
771 2721 796 2769 et
821 2725 869 2770 Tu·
897 2719 957 2767 ouo
980 2719 1022 2768 rix
1044 2720 1154 2768 obscoeni
1176 2718 1309 2781 quidquam
1334 2720 1402 2782 insit,
1425 2721 1472 2769 otr.

289 2815 376 2860 rtcnur
409 2824 423 2859 a
456 2808 555 2878 716qu
582 2810 607 2858 ct
632 2807 752 2862 aaaron
779 2811 867 2858 aeolice
897 2809 973 2856 Varro
993 2809 1022 2857 L.
1033 2811 1062 2857 L.
1072 2810 1102 2858 V.
1116 2805 1145 2870 5.
1159 2807 1203 2856 68.
1237 2808 1397 2872 Nociipupam
1413 2821 1472 2870 pro-

291 2896 423 2961 rro'irdmv,
449 2899 514 2946 unde
539 2897 624 2945 Latine
648 2898 674 2945 et
698 2899 818 2945 Patronus
842 2899 866 2946 ct
897 2895 994 2944 batillus
1024 2895 1113 2945 iudicat
1145 2896 1273 2945 Salmasim
1300 2899 1384 2946 Exere.
1411 2897 1472 2945 Ptin.

292 2985 431 3046 'Tuticum
449 2997 505 3032 nam
521 2986 540 3030 l>
557 2985 583 3032 et
599 2985 619 3029 l*
636 2985 661 3032 et
677 2985 763 3032 Aeolus
780 2985 806 3032 et
821 2997 865 3033 ve·
898 2997 923 3045 p.
939 2984 981 3032 70.
1003 2985 1049 3032 col.
1065 2984 1090 3032 2.
1110 2985 1136 3034 d.
1155 2985 1267 3033 adductis
1294 2985 1367 3033 etiam
1386 2986 1475 3045 *grossis

290 3077 355 3123 teres
369 3072 466 3120 Latinos
476 3071 579 3119 inulcem
590 3071 689 3120 interea
700 3071 865 3133 permutarem
897 3072 1024 3132 Palatiuir,
1051 3085 1111 3133 quas
1127 3073 1191 3134 apud
1206 3087 1231 3122 se
1248 3074 1337 3122 habere
1353 3073 1469 3133 affirmat,

291 3161 322 3209 de
338 3173 386 3222 qua
404 3172 431 3207 ro
448 3159 493 3206 cir.
512 3157 643 3208 Schneider
659 3158 690 3207 de
707 3159 782 3208 litem.
796 3161 824 3208 l.
837 3163 865 3206 ir.
897 3159 1051 3223 uortipuqnm
1070 3160 1207 3210 obscoenum
1227 3162 1294 3225 quod
1313 3162 1381 3223 quui
1398 3162 1473 3210 nocti-

290 3250 311 3297 1.
324 3262 351 3309 p.
364 3247 424 3296 52¹.
444 3247 469 3296 et
482 3247 578 3308 ,quiibi
595 3246 733 3296 laudantur.
897 3245 941 3296 bur
965 3252 1120 3312 compuuqor.
1144 3251 1207 3299 Scal.
1231 3251 1375 3310 noctilugam
1396 3248 1471 3298 intel-

324 3335 441 3386 lluttinus
461 3335 573 3386 'luttinua
596 3335 662 3384 haud
685 3334 758 3387 dubia
779 3340 867 3386 nomen
897 3335 990 3385 luxerat
1006 3350 1075 3385 arom
1094 3340 1151 3387 mali
1169 3339 1271 3389 omninls
1288 3338 1360 3386 noctu
1384 3337 1471 3397 logen-

290 3425 344 3472 erat
360 3408 536 3498 aptanddeg‚
554 3424 622 3474 cuius
638 3424 725 3474 natura
742 3416 866 3487 ut'signi-
898 3426 947 3474 tem
973 3426 1041 3475 coni.
1061 3428 1129 3476 Varr.
1154 3440 1180 3487 p.
1202 3427 1245 3476 26.
1262 3427 1288 3474 8.
1311 3425 1368 3487 quis
1390 3425 1471 3473 autern

293 3513 418 3576 licaretur,
437 3515 544 3564 virilium
555 3515 582 3564 ct
596 3515 753 3565 muliebrium·
769 3514 866 3576 puden·
898 3514 949 3576 cst,
982 3508 1025 3575 qui
1052 3514 1130 3577 dicat,
1158 3514 1217 3576 quid
1250 3515 1275 3563 in
1307 3514 1353 3562 hoc
1377 3513 1474 3562 nomine

292 3600 380 3651 dorum
396 3604 524 3664 appellatio
541 3604 568 3652 in
584 3616 661 3651 unum
678 3605 731 3652 erat
748 3602 865 3654 contuear
898 3604 994 3652 secutus
1011 3603 1043 3652 sit
1059 3603 1182 3652 lucilius?
1199 3603 1310 3652 dommac
1320 3601 1355 3650 iia
1370 3602 1474 3664 puellam

292 3688 336 3736 sed
351 3688 438 3738 talsum
450 3692 557 3740 salmasii
569 3692 606 3740 est
622 3691 754 3753 iudicium,
773 3691 866 3741 utriur'-
899 3690 976 3753 dixit,
999 3689 1065 3752 quod
1082 3691 1157 3738 noctu
1171 3691 1268 3738 lucerna
1279 3703 1395 3752 suspensa
1406 3703 1475 3739 scor-

293 3789 341 3838 quc
352 3790 425 3826 sexus
441 3778 555 3840 pudenda
565 3778 645 3827 eidem
656 3779 783 3828 simulacro
794 3779 867 3830 tutem
899 3779 1016 3828 omnbus
1041 3778 1141 3827 domum
1169 3778 1306 3841 indicaret,
1333 3779 1373 3827 vel
1397 3778 1474 3840 iprum

294 3864 421 3928 adiuncta,
439 3867 466 3916 et
476 3868 501 3916 in
512 3866 598 3916 codem
609 3868 696 3916 sacello
708 3867 772 3916 culta
784 3867 866 3916 lmese.
898 3879 1003 3916 cunnum
1019 3867 1067 3915 lroc
1081 3867 1178 3916 nomine
1195 3867 1268 3930 dixit,
1288 3867 1387 3929 dgruam
1404 3866 1476 3926 siqni-

293 3942 340 4002 ur.'
370 3954 494 4015 augusta
523 3955 555 4004 ue
584 3955 635 4005 civ.
676 3955 733 4005 niv.
769 3957 809 4005 iv,
830 3958 866 4007 r.
899 3956 987 4016 uam,
1024 3955 1066 4004 aut
1091 3956 1147 4016 qun
1177 3956 1275 4004 rumina
1300 3955 1376 4004 imur
1403 3956 1476 4004 nouo

294 4044 425 4105 „Etiamne
435 4043 559 4104 Tutunus,
577 4044 644 4093 culus
658 4044 801 4094 innuimus
818 4049 866 4106 pu·
899 4042 1004 4091 moechis
1022 4043 1069 4092 eat.
1088 4043 1134 4090 cir.
1148 4045 1207 4092 lior.
1221 4044 1246 4094 S.
1260 4045 1291 4093 ll.
1306 4044 1330 4092 ⁷.
1346 4042 1388 4093 td.

296 4131 381 4182 dandis
396 4131 551 4194 horrentique
568 4132 759 4182 taurinovestras
770 4132 867 4194 inequi-
933 4131 976 4178 22.
995 4132 1056 4179 lton.
1078 4145 1105 4192 p.
1119 4131 1181 4182 229.
1261 4139 1262 4144 ’

294 4224 345 4271 tare
370 4223 491 4272 matronas
516 4222 542 4270 et
569 4222 712 4283 auspicabile
734 4220 821 4269 ducitis
843 4223 868 4268 ct
934 4219 977 4266 25.
997 4218 1061 4280 Virq.
1076 4220 1183 4283 interpp.
1196 4219 1300 4270 rettab
1313 4219 1476 4281 Angeloltaio

293 4309 414 4372 optatis.“
450 4309 497 4360 Sed
518 4311 620 4372 utraque
639 4309 752 4372 pudenda
770 4307 800 4357 ad
825 4321 866 4356 ar·
899 4306 959 4360 editi
976 4322 1000 4369 p.
1015 4307 1057 4357 25.
1072 4309 1104 4358 ad
1121 4310 1221 4359 tertium
1233 4308 1321 4357 librum
1337 4309 1383 4358 lroc
1395 4309 1479 4358 ratolti
