3286 5126
297 427 313 468 ι
621 361 969 476 perstrennuus
988 407 1163 468 saronas

296 573 359 618 uon
378 553 495 618 insola
515 560 686 616 metrorum
704 554 857 616 varietate
877 572 945 618 esso
966 555 1117 634 positum,
1138 555 1232 618 facile
1249 573 1289 644 px
1309 557 1348 620 iis
1368 547 1487 624 intelli·

297 681 390 760 gitur,
422 677 561 758 quaeda
584 677 651 738 eius
673 676 865 755 argumentis
891 677 1068 740 traduntur.
1109 679 1218 757 Neque
1245 685 1308 754 eet,
1337 683 1421 761 quod
1446 685 1488 746 ad

296 799 454 864 Diomedis
474 801 690 862 auctoritatem
711 806 897 880 provocent,
920 801 973 880 qui
993 801 1065 862 olim
1085 803 1227 862 Saturam
1247 817 1373 866 carmen
1392 805 1488 870 fuisse

297 923 389 996 dicit,
424 921 507 1002 quod
537 940 576 984 ex
607 922 702 984 variis
733 923 928 1002 poematibus
958 930 1131 998 constaret,
1166 925 1274 1004 quales
1304 927 1488 1008 scripserint

296 1045 450 1108 Pacuvius
470 1051 503 1106 et
521 1046 646 1108 Ennius.
689 1047 783 1108 ilulto
802 1045 907 1108 ruinus⁴
929 1052 1033 1109 alutem
1054 1045 1282 1124 Quineutimus
1300 1045 1362 1110 hoo
1388 1050 1489 1114 horni-

297 1184 372 1230 uum
400 1166 562 1228 doctorum
590 1165 740 1230 iudicium
769 1166 964 1241 confirmat„
979 1167 1063 1246 apud
1090 1183 1183 1246 quem
1212 1167 1292 1232 haec
1317 1172 1486 1252 leguntur:

298 1289 462 1363 „alterum
482 1287 559 1350 illud
576 1288 683 1360 etiam
713 1288 799 1368 prius
821 1289 939 1351 Satirae
959 1306 1078 1370 genus,
1106 1289 1163 1352 sed
1189 1309 1253 1352 nou
1278 1293 1343 1356 sola
1375 1297 1489 1356 carnrl·

297 1429 368 1474 nam
387 1413 539 1476 varietate
564 1411 695 1478 mixtum
723 1411 864 1474 condidit
888 1412 1052 1474 uerendus
1077 1413 1207 1478 Varro.’'
1231 1414 1290 1476 cir.
1311 1417 1380 1488 car.
1403 1417 1486 1482 Frid,

296 1535 471 1597 Hermann:
491 1534 531 1596 de
551 1535 665 1596 satirae
686 1536 842 1596 Romanae
863 1541 1050 1596 suetoreex
1071 1535 1226 1598 sententia
1249 1537 1369 1598 lloratii
1387 1542 1485 1601 serni.

297 1657 321 1720 l.
344 1656 390 1720 to.
412 1655 462 1718 oo.
484 1675 516 1736 p.
534 1657 571 1717 ltt
589 1675 656 1736 sqq.
686 1657 810 1734 Quibus
831 1673 902 1718 cum
922 1657 1075 1720 accedant
1093 1657 1251 1727 Diomedis
1273 1659 1370 1722 verba
1397 1662 1487 1734 „Sa-

297 1785 366 1859 tyra
386 1779 523 1842 carmina
543 1781 640 1843 multa
661 1780 751 1843 simul
771 1787 803 1842 et
825 1788 968 1860 poemata
989 1781 1329 1861 comprehenduntur,''
1342 1782 1410 1845 ¹hoc
1430 1803 1489 1864 per

298 1919 333 1962 se
351 1893 549 1964 manifestum
563 1909 628 1976 est,
649 1921 712 1966 nou
725 1903 787 1964 ioci
800 1904 994 1966 concavaria
1008 1911 1108 1967 metra
1122 1921 1144 1966 a·
1154 1905 1256 1985 poetis
1266 1905 1361 1968 mixte
1380 1904 1487 1982 luisse,

300 2021 356 2086 sed
378 2024 461 2102 quod
480 2026 617 2104 ipsorum
632 2033 887 2105 argumentorum
899 2028 1082 2089 varietatem
1096 2031 1215 2088 mutato
1227 2034 1330 2090 metro
1341 2028 1490 2090 illustrari

297 2151 487 2209 statuerunt·
525 2148 589 2210 litsi
620 2147 704 2208 enim
726 2149 836 2208 Satura
857 2148 947 2209 Ennii
977 2149 1209 2220 aGraecorum
1232 2149 1346 2212 tabulis
1373 2151 1489 2232 longis-

296 2269 373 2331 sime
392 2270 538 2343 recessit,
560 2275 665 2330 tamen
687 2275 805 2332 certam
830 2268 986 2348 quandam
1007 2277 1176 2332 metrorum
1190 2271 1373 2336 varietatem
1387 2273 1489 2336 eota·-

296 2391 385 2454 cilius
399 2391 586 2465 reti-nuit,·ut
598 2398 631 2454 et
644 2409 724 2454 nova
737 2392 879 2464 inventa,
890 2399 921 2454 et
935 2393 1133 2472 stramipsius
1143 2394 1349 2456 eruditionem
1363 2395 1490 2459 mutatis

296 2513 404 2584 metris
424 2513 602 2576 celebraret
621 2520 652 2577 et
673 2515 806 2594 priscam
827 2515 912 2576 illam
932 2516 1061 2576 Saturae
1088 2515 1277 2596 farraginem
1297 2517 1391 2578 variis
1412 2537 1488 2580 ver-

296 2654 385 2698 suum
398 2637 569 2717 generibus
580 2637 691 2700 melius
703 2637 894 2718 exprimeret
908 2645 1002 2717 atque
1016 2637 1233 2718 distingueret.
1263 2639 1301 2700 Et
1314 2646 1351 2701 ut
1364 2641 1489 2720 saepius

294 2758 379 2822 inter
403 2761 504 2840 prima
529 2762 704 2824 litterarum
726 2761 815 2822 initia
842 2769 874 2823 et
899 2761 1007 2822 ultima
1033 2762 1156 2823 illarum
1182 2769 1382 2824 monumenta
1401 2763 1489 2826 ,mira

296 2883 450 2961 quaedam
469 2883 637 2944 intercedit
656 2882 841 2958 similitudo,
864 2885 908 2944 ita
930 2885 1063 2948 venetas
1085 2885 1139 2946 illa
1159 2891 1329 2948 memorum
1348 2883 1433 2976 redit
1454 2885 1488 2946 in

296 3003 435 3066 Petronii
448 3005 610 3083 Satyrieon
630 3004 734 3078 libris,
757 3013 789 3066 et
807 3004 840 3065 in
860 3005 987 3068 Armenii
1009 3006 1163 3085 epistulis,
1183 3023 1316 3087 quorum
1334 3007 1488 3070 librorum

295 3125 436 3204 quamvis
471 3141 584 3205 magna
622 3126 662 3187 sit
699 3124 932 3201 dissimilitudo,
973 3134 1077 3192 tamen
1110 3129 1193 3209 quod
1225 3129 1312 3192 varia
1340 3147 1487 3194 versuum

296 3263 413 3326 genera
455 3247 605 3328 iungunt,
647 3249 878 3328 antiquissimae
926 3256 1050 3314 saturae
1096 3251 1256 3332 ingenium
1295 3253 1487 3334 exprimunt.

295 3370 446 3432 Nimirum
470 3371 587 3434 Ennius
613 3377 741 3434 auctore
771 3371 941 3436 Scholiasta
971 3374 1217 3453 cruquianoad
1247 3375 1352 3438 llorat.
1387 3377 1486 3440 Serm.

296 3493 321 3556 1.
345 3494 383 3554 ll.
409 3493 457 3558 tt.
485 3493 517 3555 in
545 3496 671 3559 Auctar.
699 3511 730 3575 p.
755 3493 824 3559 tal.
855 3503 988 3576 quatuor
1016 3496 1111 3558 libros
1140 3497 1320 3577 Satyrorum
1349 3499 1486 3580 reliquit,

298 3615 337 3677 de
366 3630 498 3696 quorum
529 3618 720 3697 argumentis
750 3619 808 3680 etsi
837 3634 938 3700 pauca
964 3619 1132 3680 memoriae
1161 3619 1283 3698 prodita
1311 3627 1402 3695 sunt,
1436 3629 1488 3684 ta·

297 3753 369 3798 men
388 3738 439 3798 vel
466 3755 505 3800 ex
524 3739 562 3802 iis
579 3755 691 3820 magna
713 3743 890 3822 argumenti
909 3742 1075 3804 diversitas
1097 3741 1192 3804 tuisse
1218 3742 1403 3824 intelligitur
1426 3744 1485 3810 cir.

297 3855 446 3935 Quinctii.
483 3862 558 3923 lust.
597 3861 652 3924 Or.
675 3863 726 3926 lX.
749 3864 778 3924 2.
800 3863 861 3938 563
900 3863 989 3940 „sed
1029 3863 1143 3926 formas
1183 3883 1307 3946 quoque
1343 3865 1488 3948 fingimus

296 3997 408 4061 saepe,
435 3989 471 4044 ut
497 3983 611 4045 tamam
631 3984 800 4065 Virgilium
830 3993 865 4047 ut
889 3987 1086 4066 Voluptatem
1119 3994 1151 4050 ct
1178 3989 1343 4065 Virtutem,
1376 4005 1487 4069 quem·-

297 4103 463 4166 admodum
492 4098 524 4168 a'
541 4106 746 4188 Xenophonte
775 4108 908 4172 traditus
937 4108 1108 4184 Prodicus;
1138 4118 1173 4172 ut
1199 4113 1328 4174 llortem
1362 4129 1399 4174 ac
1429 4113 1487 4174 Vi·

296 4234 376 4301 tarn‚
399 4244 476 4307 quas
496 4229 720 4293 contendentes
738 4232 771 4292 in
789 4231 888 4294 Satira
909 4230 1004 4294 tradit
1022 4233 1169 4297 Ennius.”
1201 4233 1364 4296 Accedunt
1380 4235 1488 4315 sinqu-

296 4352 397 4412 lorum
416 4351 567 4416 librorum
583 4354 634 4416 vel
661 4355 797 4441 partium
819 4355 917 4432 tituli,
945 4355 1111 4442 Plroqetica
1136 4357 1203 4420 sive
1229 4355 1486 4440 Hedyplruqeticu,
