3286 5126
476 458 597 518 narro
613 459 751 516 omnm
773 458 1004 518 exromrou.
1273 443 1275 448 '
1310 477 1339 518 a
1396 460 1401 467 ·

147 609 330 688 Praecepto,
355 607 580 686 Protreptieo'a,
602 605 695 678 Sota,
723 606 944 685 Epicharmus,
972 605 1026 684 qui
1053 605 1167 685 passim
1188 621 1206 667 a
1226 605 1338 669 Gram-

146 731 268 792 maticis
297 729 482 822 laudantur,
512 727 570 790 cir.
594 726 711 790 Lerscb
736 729 814 790 llus.
843 728 943 789 Rben.
959 729 997 789 V.
1022 747 1054 808 p.
1076 729 1135 790 ido
1157 746 1224 808 sqq.
1253 731 1338 792 Diar.

147 853 251 934 Antiq.
269 850 354 915 isar.
376 868 409 931 p.
425 849 511 912 lodi.
533 851 633 912 Ritter
652 849 738 911 Diar.
755 849 858 929 Antiq.
876 849 961 912 tato.
983 867 1015 929 p.
1030 848 1099 912 att.
1141 853 1203 912 lam
1222 852 1341 932 Scipio-

147 975 195 1038 nis
208 993 332 1056 quoque
351 973 459 1036 laudes
478 971 518 1036 ab
539 973 636 1035 linnio
656 976 689 1034 in
703 973 820 1035 Saturis
839 973 972 1053 scriptas
992 972 1086 1035 inisse
1106 973 1159 1035 vix
1179 980 1242 1048 est,
1257 975 1340 1054 quod

146 1097 282 1161 dubites.
323 1097 414 1176 Quod
436 1097 490 1176 qui
511 1103 683 1178 negarunt,
706 1114 813 1158 eorum
827 1095 984 1158 mentibus
1003 1102 1128 1158 saturae
1148 1097 1243 1172 notio,
1259 1115 1340 1176 quae

146 1239 232 1283 nunc
260 1217 454 1302 perhibetur,
477 1227 543 1281 tam
565 1221 626 1282 alte
649 1218 855 1295 inhaerescit,
884 1226 922 1281 nt
944 1236 961 1280 a
981 1225 1086 1282 satura
1112 1221 1214 1281 omnia
1238 1221 1338 1282 aliena

147 1350 310 1424 putarent,
332 1362 412 1424 quae
426 1361 489 1404 non
504 1343 543 1404 ad
560 1341 720 1404 hominum
735 1359 837 1404 mores
856 1342 1112 1423 perstringendos
1131 1343 1336 1423 pertinerent.

145 1467 247 1545 Quam
268 1465 481 1529 definitionem
507 1467 647 1545 quamvis
673 1466 782 1528 falsam
804 1483 872 1528 esse
899 1473 1040 1528 veterum
1062 1466 1340 1527 Grammaticorum

150 1589 324 1650 testimonia
342 1587 565 1668 comprobent,
587 1595 692 1650 tamen
707 1587 826 1650 etiamsi
845 1588 932 1648 illum
953 1588 1144 1663 admitteres,
1165 1589 1340 1669 Scipionem

147 1711 179 1772 in
193 1711 302 1774 Satiris
320 1711 442 1772 laudari
456 1729 518 1772 non
537 1711 674 1791 potuisse
688 1728 750 1771 non
765 1711 936 1772 evinceres.
968 1711 1068 1772 Horas
1085 1712 1167 1771 enim
1180 1709 1340 1772 bominum

147 1852 209 1894 non
229 1835 328 1913 magis
347 1834 436 1897 malis
466 1831 653 1912 castigandis
679 1847 772 1910 quam
802 1830 893 1891 bonis
920 1829 1085 1892 laudandis
1113 1831 1338 1904 emendantur;

146 1957 248 2036 potuit
267 1957 368 2036 igitur
376 1955 479 2036 Scipio
500 1956 676 2034 exemplum
695 1954 818 2015 virtutis
841 1959 873 2014 et
893 1953 1103 2015 continentiae
1126 1954 1257 2027 laudari,
1279 1972 1338 2035 po-

146 2085 277 2140 tuerunt
305 2077 481 2157 aequalium
508 2094 611 2138 mores
628 2094 706 2137 cum
735 2075 817 2136 illius
842 2075 1027 2155 comparari.
1068 2073 1252 2156 Quanquam
1277 2097 1339 2140 non

145 2202 326 2282 negaverim
351 2201 384 2261 in
412 2201 487 2280 ipsis
513 2215 636 2280 quoque
662 2199 833 2261 Annalibus
863 2199 903 2260 ab
933 2199 1030 2259 Ennio
1054 2199 1246 2262 celebratum
1271 2218 1339 2262 esse

146 2321 333 2402 Scipionem.
373 2322 433 2385 Sed
454 2340 525 2385 cum
545 2323 613 2392 aliis
636 2321 713 2384 locis
736 2322 915 2402 saepissime
943 2321 1107 2384 Annalium
1133 2323 1188 2386 fiat
1210 2323 1337 2400 mentio,

146 2445 248 2527 Scipio
278 2447 401 2509 titulum
433 2447 599 2526 peculiaris
629 2445 760 2507 alicuius
788 2445 861 2506 libri
891 2445 1066 2525 significare
1097 2446 1232 2508 videtur.
1278 2446 1338 2508 Sed

147 2568 186 2631 ad
221 2568 350 2631 bellicas
379 2567 488 2630 laudes
519 2575 663 2647 spectare
693 2567 818 2629 videtur
848 2568 935 2630 locus
969 2541 1054 2646 apud
1085 2567 1224 2643 Suidam,
1257 2568 1340 2648 quod

145 2692 262 2752 Ennius
281 2692 348 2770 ipse
368 2691 468 2752 solum
488 2691 655 2752 Homerum
674 2689 802 2770 dignum
825 2705 892 2750 esse
912 2695 1064 2751 statuerat
1072 2689 1084 2764 ,'
1114 2690 1168 2768 qui
1188 2690 1339 2769 Scipionis

143 2811 255 2874 laudes
282 2819 431 2884 caneret;
462 2811 519 2873 cir.
542 2811 651 2874 Suidas
674 2813 705 2872 S.
728 2828 759 2872 v.
773 2807 905 2890 ,Ἕννιος
929 2809 1088 2894 Ρωμαῖος
1111 2809 1274 2894 ποιητὴς,
1299 2807 1340 2878 ὅν

146 2933 311 3014 Αἰλιανὸς
331 2933 482 3000 ἐπαινεῖν
501 2929 602 3016 ἄξιον
624 2931 742 3016 φησίν.
769 2933 963 3000 Σκιπίωνα
976 2932 1044 3020 γὰρ
1066 2930 1175 3016 nidor,
1202 2933 1262 3001 καὶ
1282 2933 1340 2999 ἐπὶ

144 3055 233 3142 μέγα
262 3051 388 3140 ἑξάραι
407 3079 464 3124 ιον
494 3054 605 3140 ἄνδρά
630 3055 857 3143 βουλόμενος,
887 3056 976 3140 φησὶ
1007 3057 1113 3145 μονὸν
1131 3055 1176 3124 ἄν
1187 3055 1339 3142 Ὅμηρον

145 3175 353 3264 anavegava
383 3178 545 3260 ἐπαίνους
577 3181 683 3270 circeia
704 3179 912 3261 Σκιπίωνος.
945 3199 1036 3261 quem
1063 3185 1166 3244 locum
1196 3183 1338 3244 Valerius

144 3303 293 3366 Haximus
307 3305 373 3366 Vll.
388 3293 436 3366 30.
457 3304 632 3384 respexisse
651 3303 786 3366 videtur.
823 3305 903 3380 „Vir
924 3305 1090 3366 Homerico
1104 3321 1197 3384 quam
1217 3305 1288 3366 rudi
1307 3312 1339 3367 et

143 3425 347 3506 incomposito
363 3427 451 3488 Ennii
470 3427 638 3507 praeconio
654 3397 810 3507 dignior.”
839 3427 946 3505 Neque
959 3427 1056 3507 ipsius
1068 3426 1186 3487 Horatii
1199 3426 1338 3486 testimo·

145 3547 230 3610 nium
253 3549 344 3611 aliter
362 3550 632 3631 interpretandum
652 3551 753 3622 Carm,
776 3547 827 3618 lV.
849 3551 878 3611 8.

450 3675 518 3735 Non
538 3674 656 3734 celeres
674 3672 768 3753 fugae

346 3805 349 3810 '
374 3794 583 3875 delectaeque
605 3803 775 3857 retrorsum
796 3793 977 3859 Hannibalis
997 3795 1118 3867 minae,
1201 3823 1203 3828 ·

375 3919 442 3978 Non
458 3919 604 3981 incendia
625 3915 821 3998 Carthaginis
843 3919 959 3999 impiae

376 4039 465 4116 liius,
487 4043 540 4121 qui
561 4043 675 4106 domita
696 4059 809 4103 nomen
833 4040 872 4104 ab
896 4043 1003 4104 Africa

375 4163 525 4226 Lucratus
546 4165 656 4240 rediit,
679 4166 794 4228 clarius
813 4165 953 4226 indicant

351 4285 354 4292 '
374 4285 495 4348 Laudas
515 4303 610 4366 quam
628 4287 778 4352 Calabrae
800 4287 949 4351 Pierides.
