3242 5138
599 455 649 511 DE
669 453 700 512 G.
712 453 852 512 LUCILII
870 455 972 512 VITA.
1354 475 1383 512 nr

194 605 248 665 Or.
263 605 300 663 ll.
316 603 345 664 6.
361 603 410 664 ab.
443 571 579 662 Laelium
599 617 723 679 semper
742 599 809 662 lere
835 616 906 660 cum
932 601 1076 681 Scipione
1103 603 1247 664 rusticari
1269 619 1383 681 eosque

197 724 400 787 incredibiles
420 739 644 802 repuerascere
664 723 786 794 solitos,
809 739 879 784 eum
900 741 953 784 rus
973 741 1013 784 ex
1032 724 1111 784 urbe
1123 731 1270 803 tanquam
1284 745 1303 788 c
1316 727 1384 788 vin-

196 848 274 908 culis
294 845 508 918 evolavisscnt,
531 845 731 924 conchasque
750 851 783 906 et
798 844 961 906 umbilicos
981 846 1019 906 ad
1041 835 1177 906 Caietam
1198 853 1230 908 et
1248 850 1384 908 Lauren·

195 977 261 1030 tum
282 971 388 1047 legere
407 983 573 1028 consuesse
593 973 626 1028 et
645 966 685 1027 ad
709 983 832 1030 omnem
857 966 952 1026 animi
977 949 1190 1028 remissionem
1215 968 1383 1048 ludumque

75 1165 82 1176 Ι
198 1089 407 1152 descendisse.
457 1089 547 1149 'l'auti
578 1089 637 1149 riri
662 1087 791 1148 comitas
815 1094 851 1148 nt
879 1088 918 1150 ad
945 1089 1109 1150 amicitiam
1132 1089 1248 1164 facilis,
1276 1093 1318 1152 ita
1345 1092 1384 1153 ad

197 1211 345 1272 virtutum
365 1210 517 1290 igniculos
535 1211 569 1270 in
589 1210 691 1270 animo
713 1209 919 1272 adolescentis
931 1211 1125 1273 suscitandos
1138 1213 1294 1290 aptissima
1313 1213 1383 1274 luit.

192 1332 254 1394 Sed
274 1350 314 1393 nc
341 1333 552 1394 contentionis
574 1347 667 1410 quarn
691 1333 832 1394 veritatis
855 1333 952 1411 magis
973 1333 1102 1394 studiosi
1122 1351 1189 1396 esse
1210 1334 1382 1408 videamur,

199 1454 308 1516 demus
327 1455 388 1516 hoc
410 1461 456 1514 tot
476 1453 636 1514 lrominum
656 1452 819 1515 doctorum
848 1455 1086 1528 controversiis,
1110 1462 1147 1515 ut
1164 1455 1384 1534 Hieronymum

193 1578 228 1636 in
247 1593 399 1670 annorum
419 1577 650 1657 computatione
670 1593 777 1638 errare
799 1578 936 1656 potuisse
956 1578 1174 1653 concedamus,
1197 1579 1312 1641 dumne
1325 1582 1383 1640 ali-

196 1700 265 1776 quis
284 1699 390 1760 nescio
410 1715 502 1776 mam
522 1699 739 1760 necesitatem
760 1699 871 1772 iactet,
899 1707 949 1773 et,
974 1717 1179 1778 quaeeunque
1206 1719 1286 1762 nova
1306 1703 1383 1764 affe-

195 1828 315 1894 rantur,
334 1821 545 1900 probabiliora
566 1821 678 1898 ducat,
701 1815 894 1904 quam-'quac
917 1819 1019 1882 adhue
1041 1823 1228 1901 scriptorum
1247 1823 1384 1884 testimo·

195 1943 254 2003 niis
274 1944 349 2004 satis
369 1941 549 2004 confirmata
576 1959 643 2003 esse
669 1941 867 2003 videbantur.
908 1943 974 2006 Non
1003 1945 1100 2004 multo
1125 1943 1263 2022 certiora
1291 1962 1383 2024 quam

194 2078 295 2124 annus
308 2065 420 2124 natalis
433 2071 526 2142 atque
542 2064 643 2125 fatalis
663 2063 772 2124 Lucilii
791 2062 920 2142 reliqua·
932 2070 1019 2136 sunt,
1041 2081 1122 2142 quae
1135 2065 1175 2127 de
1197 2083 1234 2126 eo
1254 2066 1382 2128 tradun-

194 2193 254 2246 tur.
285 2185 346 2246 Sed
360 2187 489 2248 Suessae
503 2187 668 2246 Annincae
688 2187 757 2246 loco
778 2187 914 2264 equestri
935 2188 984 2249 vel
1005 2188 1160 2248 senatorio
1178 2188 1265 2248 illum
1280 2195 1383 2250 ortum

193 2325 261 2368 esse
286 2314 319 2368 et
342 2309 494 2370 Ausonius
514 2308 592 2388 Epp.
615 2307 650 2368 ltt
673 2306 829 2388 significat
857 2308 991 2381 „Rudas
1013 2307 1162 2370 Camenas
1181 2310 1242 2387 qui.
1254 2311 1385 2372 Suessae

190 2431 359 2509 praevenis
367 2432 384 2458 '’
411 2439 443 2491 et
463 2436 549 2491 reete
571 2436 610 2492 ex
631 2425 785 2491 luvenalis
806 2429 947 2491 versibus
967 2433 1071 2492 satsl.
1094 2431 1141 2492 l9.
1165 2429 1380 2492 concluditur:

192 2553 280 2626 „Gur
299 2560 404 2614 tamen
423 2551 484 2612 hoc
505 2554 608 2631 potius
626 2551 724 2613 libeat
742 2552 911 2613 decurrere
926 2540 1051 2631 campo,
1073 2553 1135 2612 Per
1147 2571 1239 2630 quern
1253 2570 1382 2633 magnus

194 2693 290 2753 equos
313 2677 477 2734 Auruncae
497 2673 584 2734 llexit
603 2673 769 2734 alumnus’'
796 2673 941 2732 ubicnm
962 2673 1015 2732 alii
1036 2670 1222 2734 scholiastae
1248 2675 1299 2734 vel
1321 2676 1381 2736 Le-

194 2796 279 2855 nium
300 2795 350 2855 vel
374 2793 513 2854 Turnum
533 2794 584 2855 vel
609 2793 716 2854 Sillum
736 2793 927 2871 intelligant,
950 2799 1039 2854 vetus
1062 2794 1307 2869 enumerator,
1330 2798 1384 2874 qni

195 2933 213 2976 a
231 2913 356 2976 barthio
377 2915 519 2990 detectus
534 2931 552 2975 a
569 2903 715 2975 cramcro
729 2914 832 2976 editus
845 2921 908 2986 cst,
930 2913 1009 2977 haee
1023 2914 1206 2993 adscripsit:
1229 2919 1383 2995 „Magnus

191 3037 294 3119 quoad
318 3037 477 3114 ingenium
490 3036 602 3108 ;.Dicit
624 3036 664 3098 dc
684 3035 819 3116 Lucilio,
842 3037 894 3114 qui
919 3037 978 3098 luit
997 3054 1036 3098 er
1057 3037 1203 3098 Ailrunca
1224 3037 1381 3100 civitate.”

191 3162 237 3220 Dc
267 3159 389 3220 Genera
422 3158 480 3220 cfr.
508 3156 679 3220 Scholiasta
709 3159 904 3236 cruquianus
940 3159 979 3220 ad
1009 3160 1083 3220 llor.
1104 3160 1262 3220 Sermull.
1286 3162 1313 3220 l.
1332 3159 1380 3222 to.

190 3281 279 3360 infre
298 3297 420 3342 censoru
442 3279 554 3341 [cecili.
578 3286 731 3353 „constat
750 3280 833 3340 enim
853 3280 1004 3342 Lucilium
1024 3281 1174 3342 maiorem
1193 3281 1382 3344 avunculum

191 3402 331 3481 Pompeii
349 3402 466 3474 fuisser
494 3402 609 3462 etenim
634 3402 703 3464 avia
730 3402 872 3481 Pompeii
898 3419 986 3463 soror
1012 3402 1121 3464 Lucilii
1142 3403 1272 3464 lucrat’'
1298 3401 1382 3480 quod

190 3524 353 3586 contirmat
366 3524 503 3586 Velleius
521 3525 644 3584 Patere.
659 3524 698 3584 ll.
713 3523 845 3584 illelmi
863 3521 916 3583 hic
935 3523 1125 3602 (Pompeius)
1145 3522 1269 3600 genitus
1282 3527 1381 3583 matre

192 3635 309 3709 Lucilia
328 3646 433 3725 stirpis
451 3646 637 3707 senatoriae.
676 3647 739 3706 lam
753 3661 833 3723 quae
849 3644 973 3726 nailque
994 3643 1103 3706 Lucilii
1122 3645 1186 3706 vita
1209 3643 1319 3717 luerit,
1342 3659 1381 3706 ex

193 3769 315 3844 paucis,
339 3784 420 3847 qnae
440 3773 563 3830 servata
582 3773 656 3828 sunt
676 3767 824 3846 vestigiis,
844 3745 976 3848 intelligi
993 3768 1046 3828 rix
1068 3773 1180 3846 potest.
1204 3765 1306 3826 Facile
1325 3765 1381 3828 ad·

192 3888 292 3949 ducor
310 3895 345 3948 ut
364 3896 487 3968 putem,
516 3907 587 3950 eum
606 3889 688 3950 bello
709 3889 895 3950 Numantino
916 3888 1060 3950 confecto
1080 3905 1151 3953 cum
1177 3887 1321 3967 Scipione
1346 3887 1379 3950 in

193 4009 304 4070 urbem
324 4003 452 4072 redisse.
493 4013 573 4072 Num
593 4017 697 4072 autem
718 4028 785 4072 rem
805 4009 963 4089 publicam
981 4009 1197 4096 capessiverit,
1226 4008 1315 4070 cuius
1333 4009 1379 4070 rei

192 4131 320 4211 Pighius
340 4137 531 4208 auctorest,
560 4134 705 4212 quicum
732 4150 760 4194 a.
783 4133 849 4194 tal.
872 4138 1085 4209 quaesturam,
1113 4147 1141 4192 a.
1166 4131 1231 4192 lli.
1253 4135 1380 4209 praetu-

191 4268 256 4313 ram
278 4253 420 4332 gessisse·
437 4255 559 4326 statuit,
586 4273 626 4317 ne
652 4254 859 4334 probabiliter
885 4252 1011 4332 quidem
1032 4252 1146 4315 coniiei
1168 4257 1280 4331 potest.
1322 4251 1379 4312 lici

190 4376 356 4450 pecuariae
394 4375 480 4436 illum
515 4376 668 4440 studuisse
702 4377 819 4438 dicturo
861 4375 938 4438 illud
971 4375 1146 4455 Appianum
1177 4371 1371 4451 comprobat;
