3250 5136
331 437 379 497 118
701 435 936 500 TESTIMONIA
958 423 1138 494 versatili

403 583 587 666 potentibus
614 583 736 648 civibus
761 583 941 656 venissent,
969 581 1098 646 illorum
1124 582 1208 645 lacta
1238 582 1447 664 descripsisse
1477 584 1512 643 in

407 699 514 779 peius,
549 717 585 762 ac
615 697 810 763 deformasse
839 717 939 780 genus
969 697 1043 761 stilo
1073 698 1232 763 carminis.
1281 697 1377 772 Quod
1405 699 1510 778 prirnn

407 813 548 875 Lucilius
569 832 651 875 novo
669 813 858 894 conscripsit
878 812 991 884 modo,
1013 818 1047 876 ut
1067 813 1180 893 poesin
1201 813 1275 877 inde
1295 812 1431 886 faceret,
1453 813 1475 873 i.
1493 832 1512 872 e

407 928 499 989 unius
519 927 665 989 carminis
686 928 793 1008 plures
813 927 924 989 libros.
980 1005 983 1011 Ι

559 1097 715 1158 Diomedis
733 1117 769 1158 ea
789 1097 842 1158 lib.
858 1098 922 1158 ΙΙΙ.
946 1097 1082 1156 Gramm.
1103 1114 1135 1174 p.
1151 1097 1218 1157 aas.
1239 1097 1276 1156 P.

298 1223 308 1246 ⁸
327 1243 376 1302 51.
408 1243 518 1324 Satyra
539 1248 586 1304 est
607 1262 734 1304 carmen
754 1242 839 1324 apud
861 1243 1021 1304 Romanos
1041 1260 1124 1304 nunc
1151 1243 1281 1324 quidem
1305 1244 1509 1318 maledicum,

404 1364 434 1418 et
449 1357 489 1418 ad
503 1358 663 1439 carpenda
675 1358 837 1419 hominum
851 1357 927 1418 vitia
941 1356 1102 1418 Arohaeae
1117 1356 1310 1420 Comoediae
1326 1358 1512 1421 charactere

405 1472 632 1553 compositum,
665 1471 774 1554 quales
805 1472 999 1553 scripserunt
1027 1471 1186 1546 Lucilius,
1219 1479 1250 1533 et
1280 1472 1446 1548 Horatius,
1480 1483 1512 1536 et

403 1587 540 1646 Persius.
636 1601 639 1611 ’

325 1753 338 1796 f
738 1711 881 1771 Eisssdem
898 1711 993 1788 poulo
1010 1718 1088 1789 post.

325 1850 373 1914 52.
403 1849 577 1912 iambicum
592 1850 787 1932 appellatum
802 1857 850 1912 est
870 1851 966 1933 παρὰ
988 1851 1022 1916 τὸ
1038 1849 1219 1936 ἰαμβίζειν,
1240 1852 1326 1935 quod
1347 1857 1396 1914 est
1409 1854 1511 1916 male-

404 1965 531 2038 dicere;
562 1965 653 2026 cuius
681 1965 828 2027 carminis
859 1966 1023 2047 praecipui
1053 1967 1223 2047 scriptores
1253 1967 1339 2048 apud
1370 1967 1511 2030 Graecos

401 2079 611 2141 Archilochus
625 2086 656 2140 et
669 2080 840 2162 Hipponax
853 2101 861 2154 ;
883 2079 969 2161 apud
982 2080 1141 2142 Romanos
1164 2082 1330 2154 Lucruros,
1353 2081 1508 2156 Catullus,

401 2195 552 2258 Horatius
574 2202 604 2256 et
625 2196 807 2257 Bibaculus.

557 2365 777 2426 Commeutomr
799 2366 890 2444 Crup.
913 2367 954 2425 nd
974 2367 1048 2424 Hor.
1071 2367 1103 2426 S.
1126 2367 1153 2424 Ι.
1177 2367 1206 2426 5.
1227 2366 1275 2426 [ιθ.

562 2511 596 2524 -
608 2513 643 2522 -
656 2501 691 2523 -·
704 2480 792 2540 Velut
814 2480 979 2540 natricum
996 2481 1126 2560 polypos
1149 2481 1266 2558 Aquae.

322 2627 372 2686 53.
400 2625 572 2688 Lucruraus
595 2626 775 2687 urbanitate
798 2646 875 2688 usus
890 2626 921 2686 iu
943 2625 1076 2686 transitu
1097 2625 1339 2686 amaritudinem
1360 2628 1506 2708 aspersit.

521 2793 619 2854 Schol.
643 2795 735 2872 Crrsq.
757 2795 798 2852 acl
818 2795 892 2853 Hor.
918 2795 949 2854 S.
972 2794 1017 2852 ll.
1045 2793 1071 2852 l.
1094 2793 1132 2852 70
1151 2801 1178 2852 ct
1197 2793 1238 2852 nd
1257 2793 1305 2852 75.

321 2940 370 3000 bd.
401 2939 472 3000 lloc
486 2944 549 3011 est,
565 2939 620 3020 qui
634 2938 749 3000 melior
762 2937 820 2998 ruit
835 2943 865 2998 el
880 2944 910 2999 te
925 2945 956 3000 et
969 2960 1036 3011 me,
1059 2959 1078 3000 o
1093 2938 1238 3013 Trebati,
1261 2959 1359 3002 censu
1374 2946 1404 3003 et
1417 2946 1509 3002 nata-

398 3053 502 3124 libus;
526 3051 585 3112 fuit
606 3053 689 3112 enim
713 3053 760 3113 vir
782 3051 887 3114 bonus
910 3059 941 3114 et
960 3053 1054 3115 valde
1074 3051 1202 3115 nobilis.
1229 3063 1256 3116 ct
1276 3055 1371 3133 perclo
1395 3054 1507 3132 infru:

401 3167 531 3227 Constat
552 3165 635 3227 euim
657 3166 815 3228 Lucilium
836 3168 987 3231 maiorem
1010 3167 1198 3233 avunculum
1221 3168 1362 3250 Pompeii
1385 3168 1508 3244 luisse3

397 3281 521 3343 Etenim
547 3282 617 3342 avia
636 3265 778 3362 Pompeii
800 3301 891 3344 soror
910 3282 1025 3344 Lucilii
1044 3285 1158 3347 fuerat.

842 3453 995 3515 Eiusdem.

318 3593 367 3654 55.
397 3593 504 3676 Scipio
528 3595 694 3655 hirioauus
716 3599 746 3654 et
767 3593 895 3655 Laelius
918 3595 1061 3655 feruntur
1080 3575 1143 3654 tahr
1165 3593 1263 3656 inisse
1282 3592 1455 3655 familiares
1477 3601 1509 3656 et
1606 3675 1607 3684 ἵ

398 3709 491 3770 amici
509 3709 660 3782 ansnro,
683 3715 717 3768 ut
733 3709 871 3789 quodam
893 3714 1037 3789 tempore
1058 3707 1169 3768 Laelio
1191 3707 1429 3769 circumiectos
1450 3709 1508 3769 tri-

385 3815 481 3886 clinii
512 3823 645 3907 fugienti
672 3824 822 3884 Lucrcsus
852 3823 1095 3904 superveniens,
1128 3840 1200 3884 eum
1233 3823 1360 3885 obtorta
1388 3841 1506 3903 mappa
1606 3861 1607 3866 κ

398 3939 488 4024 quasi
509 3937 657 4000 feriturus
679 3947 876 4020 sequeretur.
914 3937 1020 3998 Schol.
1044 3935 1084 3997 ad
1105 3937 1182 3999 Hor.
1206 3937 1236 3997 S.
1262 3937 1303 3998 ll.
1327 3938 1354 3998 1.
1374 3937 1422 3996 75.
1446 3936 1504 3998 cir.

398 4052 462 4113 Cic.
490 4053 529 4113 de
553 4052 606 4113 Or.
631 4053 671 4114 ll.
694 4053 723 4113 6.

656 4223 738 4284 Com.
764 4225 855 4302 (ἶνας.
880 4223 920 4282 nsl
940 4223 1014 4282 Hor.
1039 4224 1068 4284 S.
1092 4225 1118 4282 1.
1143 4225 1169 4281 l.

315 4370 365 4436 66.
393 4369 497 4432 Satira
517 4369 641 4437 Horatii
663 4369 745 4431 inter
765 4353 891 4430 Lucruu
916 4369 1050 4434 satiram
1071 4378 1102 4432 et
1125 4367 1283 4434 luvenalis
1308 4366 1413 4430 media
1435 4372 1505 4428 est:
