3290 5130
550 407 601 464 ux
626 405 845 466 subluantur
871 405 940 464 Llll.
959 409 992 465 V.

175 556 221 616 15.
246 587 278 598 -
294 587 327 598 -
347 572 388 616 uc
407 554 560 635 agitarem
582 573 677 636 mann
697 560 730 614 tu
756 565 758 570 '

246 668 410 733 Pessulum
432 667 567 730 et'hunc
589 674 709 732 vectem
732 669 836 750 possis
858 669 967 731 cuneis
988 668 1093 748 ipso..

176 785 223 844 16.
247 784 387 865 Longior
405 783 573 866 hicquam
595 801 686 864 grus,
710 788 875 864 grue'tota
896 803 966 844 cum
986 782 1073 843 volat
1092 783 1178 870 olim.
1298 749 1300 759 *
1353 861 1356 868 1

174 900 220 959 17.
242 899 440 960 Concursare
459 917 569 979 agros,
594 897 715 960 catulos
734 897 918 979 scotumque
938 897 1087 958 ferarum.

174 1013 221 1073 18.
245 1011 388 1095 Cumque
407 1012 460 1073 hic
479 1017 543 1073 tam
565 1012 726 1090 formosus
743 1012 821 1082 tibi,
844 1031 881 1072 ac
901 1018 932 1072 te
954 1009 1060 1093 dignu’
1083 1013 1219 1092 puellus.

174 1127 219 1187 19.
243 1126 365 1188 Subicit
382 1126 458 1188 lruic
478 1125 619 1198 fuldum,
643 1125 812 1187 fulmentas
834 1132 983 1208 quattuor
1006 1126 1104 1186 addit.

172 1241 221 1302 20.
244 1239 306 1315 Qui
327 1242 392 1304 edit
415 1259 468 1312 se,
488 1240 540 1300 hic
561 1231 700 1302 comedit
719 1259 780 1299 me.
849 1289 875 1298 .,
983 1265 988 1271 ·
1075 1258 1092 1294 s

172 1356 219 1415 21.
242 1349 371 1416 Obiursi
393 1341 510 1416 ebrius.

656 1541 789 1612 Lm.
816 1541 872 1612 W·
922 1609 924 1616 ,

155 1737 158 1742 -
191 1699 219 1758 l.
242 1698 314 1773 Quo
332 1717 383 1759 me
402 1697 539 1760 habeam
561 1703 671 1778 pacto,
693 1695 819 1758 tametsi
839 1715 904 1758 non
928 1695 1048 1777 quaeri'
1065 1695 1200 1758 docebo.

242 1812 378 1887 Quando
401 1811 432 1872 in
447 1830 494 1884 ⁴eo
518 1827 652 1877 numero
671 1792 805 1882 mansii,
828 1827 892 1891 quo
914 1810 948 1870 in
968 1810 1107 1871 maxima
1126 1821 1211 1872 nunc
1233 1821 1281 1872 est

241 1926 520 1997 Pannonicum,
542 1931 576 1985 ut
595 1923 729 2005 periisse
749 1923 846 1996 velis,
868 1944 963 2005 quem
982 1924 1085 1986 visere
1105 1925 1202 1987 uolue
1218 1961 1252 1970 -

199 2053 203 2058 ·’
238 2041 292 2102 llis
317 2059 389 2102 cum
410 2038 584 2127 debueris.
611 2033 681 2099 Hoc
701 2038 761 2100 Nol
782 2071 817 2084 -—
839 2045 870 2099 et
889 2039 1045 2102 Debueris
1064 2046 1095 2102 te

241 2153 273 2215 si
294 2155 391 2216 minu'
412 2153 565 2224 delectat,
588 2153 673 2234 quod
694 2150 838 2238 ἄτεχνον
856 2153 1045 2230 Isocratium
1066 2160 1133 2228 est;
1156 2158 1198 2218 0
1222 2125 1223 2130 ¹

240 2263 493 2352 thpoidogque
514 2267 607 2328 simul
628 2273 729 2336 totum
749 2287 786 2329 ac
808 2265 1127 2354 συμμειρᾳκιῶὸεςε
1152 2283 1155 2293 “

240 2387 310 2446 Non
331 2403 462 2464 operam
481 2382 593 2463 perdo.
635 2381 720 2443 Situ
741 2382 803 2443 hic.
819 2428 825 2442 .
841 2428 869 2442 ..

171 2699 236 2746 Dosa
250 2695 353 2757 postolis
368 2697 401 2745 M.
420 2707 493 2742 como
508 2695 537 2744 ci.
550 2697 624 2755 Dusa.
635 2693 744 2753 corrige:
768 2696 771 2704 '
813 2693 852 2742 lo.
871 2693 931 2743 Non.
950 2705 975 2754 p.
991 2693 1050 2744 1110.
1069 2695 1093 2744 b.
1121 2694 1210 2754 sufficit
1227 2696 1282 2744 bcic
1298 2700 1354 2746 darn

168 2795 201 2834 ne
224 2786 315 2846 agitare
340 2795 415 2830 manu
441 2783 469 2829 lu
491 2781 613 2842 pessulum
636 2782 662 2831 ot
683 2781 746 2830 hunc
775 2779 793 2831 f.
813 2781 840 2831 A.
859 2783 878 2832 l.
904 2779 1005 2841 sufficit.
1021 2780 1095 2829 duic:
1124 2780 1200 2831 clavis
1225 2784 1244 2833 i.
1272 2784 1357 2834 subicit

168 2873 261 2922 vectem
278 2859 356 2934 possis
372 2883 485 2920 cuneasse
503 2870 542 2919 vel
559 2855 619 2930 ipae.
776 2868 831 2916 bais
848 2868 952 2929 fulcrum
970 2871 1005 2917 ci.
1021 2871 1119 2922 Salnras.
1145 2857 1229 2920 sabicit
1246 2871 1355 2932 saltarus

168 2959 169 2964 ’
205 2961 246 3010 ¹6.
264 2962 324 3012 Non.
343 2959 441 3022 pslil.
453 2960 478 3010 b.
674 2988 680 2997 -
775 2957 805 3006 ci.
825 2957 933 3008 Gerlach.
952 2957 1039 3007 subicit
1062 2958 1128 3008 haud
1148 2958 1221 3008 dubie
1244 2962 1353 3022 rectum;

205 3049 245 3100 ii.
262 3053 321 3101 Non.
334 3061 358 3110 p.
370 3047 386 3096 5
390 3049 430 3098 10.
440 3061 462 3098 a.
474 3059 615 3095 concursare
625 3045 654 3098 ci.
666 3046 745 3099 Giiau.
776 3045 807 3093 dc
825 3047 911 3094 ceteris
928 3045 1039 3096 dubitare
1056 3031 1120 3097 licei.

167 3140 320 3188 consonaret
336 3137 403 3188 Frui.
422 3149 505 3198 acyros
519 3137 546 3187 A.
561 3133 610 3186 Gli.
627 3148 698 3196 apros
714 3136 762 3196 ci.¹
812 3134 854 3185 20.
872 3135 987 3186 Priscian.
1012 3138 1042 3187 P.
1065 3135 1125 3187 893.
1153 3137 1205 3198 lege
1226 3153 1232 3185 ι
1263 3141 1303 3200 qai
1331 3151 1356 3186 sc

167 3227 227 3276 Scal.
252 3235 328 3290 cocos
343 3225 374 3276 ci.
393 3227 476 3276 illusa.
497 3224 562 3285 ferai
579 3224 655 3274 codd.
679 3223 747 3284 fero-
777 3223 826 3272 edit
842 3223 888 3271 etc.

168 3327 223 3363 mm
240 3316 266 3366 A.
278 3303 297 3367 1'.
309 3317 383 3372 Dosa.
406 3313 450 3362 scd
473 3325 615 3361 cocciascrs
639 3311 703 3360 recte
720 3325 746 3360 se
812 3310 854 3362 nl.
872 3312 987 3362 Priscian.
1006 3324 1031 3373 p.
1048 3312 1106 3363 780.
1123 3314 1150 3364 Ρ.

167 3403 246 3454 habet.
360 3399 361 3403 ’
754 3405 755 3410 ’
812 3399 853 3464 22.
872 3387 995 3460 Ap.'Non.
1018 3399 1043 3449 9.
1058 3401 1082 3448 b.
1101 3412 1132 3448 ex
1156 3399 1218 3447 libro
1242 3401 1280 3458 ly,
1300 3402 1354 3448 lau-

204 3490 246 3538 rs.
264 3493 324 3541 ucn.
332 3489 456 3553 puoso.
466 3502 511 3551 pro
524 3487 567 3538 nos
578 3489 662 3549 vulgo:
677 3487 746 3536 nmo
776 3487 849 3535 catur
870 3469 913 3544 cc.
931 3487 984 3538 uu.
1003 3488 1034 3535 u.
1055 3473 1091 3538 aq
1107 3489 1137 3537 n.

167 3577 212 3634 cir.
230 3577 304 3629 Prisc.
323 3567 423 3638 peel.
442 3577 468 3626 P.
516 3623 518 3634 .
943 3593 945 3600 ,

693 3703 777 3750 1:111.
792 3703 828 3750 V.

204 3806 227 3854 l.
246 3807 274 3856 A.
292 3804 353 3855 Geli.
371 3806 398 3856 N.
411 3808 440 3854 A.
453 3808 535 3860 xvm.
549 3821 570 3859 c.
583 3807 609 3859 8.
623 3783 747 3875 ‘onoro-
778 3806 895 3868 puerilia,
922 3804 1066 3864 facetissime
1084 3796 1168 3854 'hercle
1191 3806 1308 3867 significat
1331 3808 1355 3856 in

169 3893 290 3946 cilsvsa
306 3893 358 3945 καὶ
378 3894 596 3964 ισοκατάληκτα
618 3897 669 3950 καὶ
692 3893 748 3950 πά·
779 3895 864 3957 quinto
881 3894 1012 3944 Satirarum
1034 3893 1147 3945 Lucilius.
1179 3895 1241 3943 'Nam
1262 3895 1304 3944 ubi
1320 3898 1357 3944 est

170 4000 240 4055 ρισα
258 3983 308 4034 καὶ
326 3979 514 4049 ὁμοιόπτωτα
526 3984 651 4046 ceteraque
662 3985 749 4034 huius-
780 3996 836 4032 cum
847 3983 923 4031 amico
933 3972 1090 4044 condonatus,
1110 3983 1178 4045 quod
1194 3983 1225 4032 ad
1237 3996 1263 4031 oo
1274 3995 1357 4044 aegro-

170 4072 237 4120 modi
255 4071 411 4132 scitamenta,
427 4081 489 4131 quae
499 4070 540 4118 isti
549 4069 749 4146 disseminatos,
781 4073 834 4124 tun
851 4084 900 4120 nou
911 4071 1014 4133 viseret,
1033 4071 1092 4120 haec
1105 4070 1196 4120 ibidem
1207 4071 1276 4120 addit
1286 4071 1356 4120 iesti-

170 4159 213 4220 qui
231 4174 256 4210 se
275 4158 504 4226 bocraticosvideri
519 4161 625 4231 volunt.
639 4161 750 4210 incollo-
780 4161 861 4212 riter:
882 4161 928 4211 etc.

170 4247 253 4296 candia
274 4249 355 4298 vorbis
378 4247 510 4298 immodice
535 4247 626 4296 iaciunt
649 4250 674 4298 ct
687 4255 749 4302 'ran-
816 4249 953 4298 Tamcmisi
969 4247 1035 4295 baad
1052 4248 1083 4301 ci.
1101 4251 1166 4301 Busa
1184 4248 1226 4300 cir.
1242 4247 1356 4296 'Schueid

169 4335 238 4396 cido,
266 4349 339 4396 quam
360 4339 410 4387 sini
430 4335 542 4388 insubida
569 4336 594 4384 et
621 4325 707 4386 inertia
724 4339 751 4385 st
783 4341 822 4389 Gr.
841 4337 891 4388 Lat.
910 4339 929 4388 1.
947 4336 973 4384 2.
990 4349 1015 4398 p.
1035 4337 1094 4388 lbi.
1113 4338 1165 4387 not.
1190 4335 1283 4386 occasii
1300 4347 1357 4382 cor-

204 4441 277 4487 bucilii
291 4447 361 4498 ingan.
1125 4419 1144 4478 2
