3286 5126
369 433 419 492 bit
437 430 680 492 SINGULORUM
692 431 896 530 truncabit
909 431 1169 496 munitarius.
1237 465 1238 470 κ
1266 455 1369 498 ,ιων

179 584 347 644 Praeterea
376 580 417 645 do
441 579 517 641 riuis
543 577 729 658 coniugum,
763 594 839 658 quas
859 595 941 640 *cum
972 581 1209 660 tempestatibus
1233 582 1277 644 in·
1290 585 1370 646 mari
1486 627 1492 644 .

177 703 335 766 suscitatis
359 701 527 764 contulisse
551 701 686 764 ridetur.
713 700 772 762 cir.
801 701 841 762 ir.
857 701 995 766 Vll-X.
1025 702 1150 764 videtur
1176 721 1238 766 una
1260 711 1370 786 questu

175 843 244 886 esse
264 825 305 886 de
323 825 483 905 zelotypia*
497 824 600 886 meriti
619 825 659 886 Il.
681 831 715 886 et
735 823 775 885 de
796 823 872 886 eius.
883 825 1094 904 potationibus
1113 826 1259 892 xxxvl.
1275 821 1380 892 LXX

169 949 374 1010 ⁴erVllsille
393 955 500 1010 contra
521 947 561 1010 de
580 947 741 1012 munditiis
759 947 973 1024 muliebribus,
996 956 1028 1012 et
1050 950 1090 1012 de
1116 950 1221 1014 studio
1245 957 1369 1032 speeie·

8 1035 10 1066 '
67 1089 78 1102 ³
174 1071 318 1132 aurorum
337 1070 421 1131 xvr.
437 1070 520 1132 xiv.
543 1070 583 1132 cn
603 1045 811 1150 sugaranam
832 1071 911 1133 xor.
937 1072 1028 1134 etym
1056 1072 1227 1152 saltimque
1244 1073 1367 1134 arrarum

177 1191 340 1254 blanditiis
353 1191 424 1254 Xll.
450 1193 510 1254 Sed
529 1193 795 1255 matrimoniorum
812 1200 931 1272 pestem
945 1211 1014 1256 esse
1027 1195 1135 1258 statuit
1152 1195 1281 1258 iuvenes
1297 1195 1368 1256 illes
1446 1172 1448 1176 ⁵

176 1315 354 1389 adulteros,
378 1315 431 1393 qui
453 1315 583 1376 aliorum
604 1316 779 1395 permolant
793 1329 930 1386 uxores,
951 1317 991 1376 irs
1006 1316 1094 1379 XlX.
1122 1317 1282 1392 imberbis,
1311 1335 1367 1378 on·

124 1491 128 1493 ,
175 1439 320 1516 dropynt,
344 1435 745 1508 barbati,.morcbocinoedi.
768 1439 821 1517 qui
835 1445 868 1502 et
887 1438 1046 1503 blanditis
1057 1405 1229 1504 'mulierum
1249 1439 1368 1502 animos

173 1565 374 1637 corrumpant
388 1562 434 1632 L.,
449 1565 488 1622 et
501 1560 680 1639 sumptibus
694 1579 802 1623 eorum
821 1561 940 1622 animos
959 1560 1018 1622 sibi
1035 1558 1205 1622 conciliare
1220 1560 1367 1622 studeant
1445 1619 1449 1626 .

168 1680 283 1744 XLIX
304 1689 338 1744 et
359 1681 500 1760 quamvis
520 1698 582 1742 uua
602 1681 751 1744 abteraue
771 1681 864 1744 fidem
883 1687 1003 1754 seruet,
1031 1682 1141 1746 LXIX·
1165 1690 1269 1744 tamen
1290 1683 1366 1745 elias

174 1785 207 1866 in
227 1820 361 1865 umorem
383 1803 543 1884 pellicient
561 1803 656 1864 LXX.
677 1803 735 1864 eir.
758 1803 927 1865 LXXXIV.
968 1803 1028 1864 Sed
1049 1803 1178 1865 etiamsi
1200 1815 1233 1865 av
1249 1803 1365 1884 nuptiis

173 1925 343 2004 inquinatis
362 1924 501 1988 derivata
522 1910 711 1998 amclades,
737 1929 843 1986 tamen
864 1922 989 1996 endem,
1019 1931 1050 1985 et
1073 1925 1105 1986 in
1121 1925 1265 2005 patriam
1282 1925 1365 1987 etin

173 2047 323 2127 populum
342 2047 453 2121 fluxit,
473 2047 525 2134 *ita
552 2054 587 2108 ut
608 2052 708 2108 status
726 2045 860 2108 civitatis
881 2046 921 2108 sit
940 2046 1090 2126 pessimus
1110 2045 1217 2110 LXIV.
1239 2045 1362 2111 LXXX.
1455 2087 1458 2096 =

174 2169 442 2234 Praetereainter
463 2169 611 2258 homines.
622 2171 746 2250 gulosos
758 2176 791 2231 et
809 2167 960 2234 humores
973 2169 1096 2251 saepius
1108 2168 1195 2250 rixae
1210 2169 1363 2244 emuntur,

172 2293 234 2365 ita,
266 2298 301 2353 ut
331 2309 517 2372 quocunque
540 2292 654 2354 oculos
681 2291 830 2366 verteris,
862 2292 977 2370 ubique
997 2293 1117 2372 largam
1140 2295 1264 2354 saturae
1287 2293 1364 2354 scri-

173 2414 296 2478 bendae
316 2415 483 2478 materiem
498 2415 647 2478 offendas.
689 2415 753 2474 lloo
783 2413 879 2494 igitur
897 2412 990 2476 modo
1008 2422 1100 2493 poeta
1121 2409 1279 2476 scribendi
1298 2421 1361 2474 stu-

172 2535 269 2610 dium,
293 2537 344 2598 cui
362 2535 524 2612 incubuit,
540 2555 609 2598 non
627 2536 721 2598 modo
734 2537 877 2599 excusari
897 2536 952 2600 sed
974 2539 1089 2616 optimo
1104 2537 1216 2616 cuique
1236 2537 1364 2618 probari

171 2675 260 2740 posse
283 2659 407 2732 statuit,
431 2659 547 2738 quippe
566 2658 620 2736 qui
636 2665 702 2718 'non
716 2658 932 2720 malevolentia
954 2664 985 2718 et
1006 2657 1123 2718 invidia
1138 2657 1266 2732 ductus,
1283 2653 1363 2722 ‘ver-

171 2779 223 2842 su's
253 2779 430 2859 scripserit,
457 2779 511 2842 sed
538 2775 624 2858 quod
647 2777 762 2841 malum
787 2771 947 2857 publicum
977 2786 1009 2840 et
1035 2785 1199 2858 corruptos
1228 2780 1363 2845 civitatis

170 2921 274 2965 mores
304 2902 463 2965 emendari
495 2919 585 2981 posse
616 2901 759 2981 negavit,
792 2899 850 2962 nisi
876 2901 1075 2980 omnes,·qui
1097 2899 1171 2962 mili
1191 2907 1245 2962 aut
1263 2900 1359 2974 iures,

170 3023 303 3100 moechi,
325 3025 429 3087 sicarii
459 3031 513 3085 aut
537 3025 674 3104 alioquin
695 3024 804 3085 famosi
825 3023 939 3098 forent,
968 3039 1085 3086 summa
1107 3023 1254 3086 libertate
1275 3030 1363 3085 nota·

151 3173 155 3180 ·
169 3154 288 3211 rentur.
304 3148 424 3225 'Quare
438 3149 589 3228 primores
602 3147 709 3228 populi
723 3147 855 3227 arripuit
874 3148 1084 3227 populumque
1099 3145 1251 3220 tributim,
1276 3145 1362 3208 scili·
1379 3175 1380 3178 ¹

170 3277 221 3333 cet
252 3271 307 3332 uni
342 3271 602 3350 aequus‘virtuti
627 3287 664 3331 ac
693 3270 767 3332 eius·
789 3269 906 3333 amicis.
942 3270 999 3330 cir.
1028 3270 1125 3330 Serm.
1157 3269 1182 3330 Ι.
1211 3269 1241 3331 lt.
1269 3270 1297 3328 l.
1330 3275 1362 3331 et

171 3391 211 3457 ll.
236 3395 263 3455 l.
287 3393 335 3455 68.
1268 3379 1279 3398 '

247 3517 335 3594 Quae
363 3515 488 3594 quidem
516 3516 541 3577 si
567 3513 772 3594 probabiliter
799 3529 818 3574 a
847 3512 937 3573 nobis
965 3512 1120 3591 disputata
1147 3518 1237 3585 sunt,
1267 3511 1360 3573 facile

171 3645 218 3700 est
242 3637 281 3699 ad
303 3636 544 3718 intelligendum·
561 3654 618 3698 cur
637 3654 700 3699 non
720 3633 812 3709 modo
833 3634 942 3714 Scipio*
963 3643 996 3695 et
1018 3633 1150 3707 Laelius,
1178 3631 1234 3694 sed
1254 3631 1358 3707 etiam,

170 3759 223 3839 qui
247 3766 355 3840 postea
381 3759 528 3834 luerunt,
552 3761 660 3822 Cicero
680 3765 712 3822 et
731 3757 875 3819 Horatius
895 3757 1013 3818 Lucilio
1037 3763 1156 3818 tantum
1179 3755 1357 3818 tribuerint.

170 3881 261 3960 Quod
287 3882 370 3943 enim
396 3883 448 3944 ille
475 3871 561 3946 velut
591 3881 661 3944 fidis
681 3877 795 3944 arcana
818 3879 976 3942 sodalibus
997 3879 1069 3965 olim
1090 3877 1240 3940 credebat
1258 3878 1357 3953 libris,

170 4021 273 4084 neque
294 4004 420 4068 simale
441 4012 579 4069 cesserat
599 4021 756 4084 ¹tartunam,
783 4005 954 4070 decurrens
974 4003 1049 4076 alio,
1083 4019 1185 4080 neque
1205 4001 1232 4062 si
1255 4001 1337 4063 bene
1348 4021 1358 4072 ;

169 4127 252 4206 quod
276 4126 360 4189 idem
386 4143 478 4188 ausus
504 4133 551 4190 est
573 4127 691 4208 primus
716 4127 748 4188 in
768 4125 853 4188 hunc
884 4124 988 4206 operis
1013 4139 1201 4204 componere
1221 4122 1358 4192 carmina

170 4267 299 4325 morem,
323 4247 490 4314 detrahere
504 4256 537 4311 et
548 4213 681 4330 pellem,
703 4225 819 4332 nitidus
836 4266 899 4331 ¹qim
919 4249 1049 4328 quisque
1068 4265 1126 4328 per
1145 4263 1200 4308 ora
1219 4244 1357 4318 cederet,

168 4372 338 4436 introrsum
360 4373 477 4454 turpis,
506 4390 543 4436 eo
570 4373 688 4436 iactum
713 4380 761 4436 est
786 4378 822 4435 ut
850 4387 913 4434 non
942 4369 1034 4432 modo
1062 4369 1127 4432 vita
1151 4367 1233 4430 senis
1259 4365 1358 4428 omnis
