<?xml version="1.0" encoding="UTF-8"?>
<!DOCTYPE html PUBLIC "-//W3C//DTD XHTML 1.0 Transitional//EN"
    "http://www.w3.org/TR/xhtml1/DTD/xhtml1-transitional.dtd">
<html xmlns="http://www.w3.org/1999/xhtml" xml:lang="en" lang="en">
 <head>
  <title>
</title>
<meta http-equiv="Content-Type" content="text/html;charset=utf-8" />
  <meta name='ocr-system' content='tesseract 3.04.00' />
  <meta name='ocr-capabilities' content='ocr_page ocr_carea ocr_par ocr_line ocrx_word'/>
</head>
<body>
  <div class='ocr_page' id='page_1' title='image "./cluciliisaturar00lucigoog_0030.png"; bbox 0 0 3242 5138; ppageno 0'>
   <div class='ocr_carea' id='block_1_1' title="bbox 451 425 1323 530">
    <p class='ocr_par' dir='ltr' id='par_1_1' title="bbox 451 425 1323 530">
     <span class='ocr_line' id='line_1_1' title="bbox 451 425 1323 530; baseline 0.008 -26"><span class='ocrx_word' id='word_1_1' title='bbox 451 525 452 530; x_wconf 8' lang='grc' dir='ltr'><strong><em>Ν</em></strong></span> <span class='ocrx_word' id='word_1_2' title='bbox 500 425 750 506; x_wconf 79' lang='lat' dir='ltr'><strong>on&#39;rnasorns</strong></span> <span class='ocrx_word' id='word_1_3' title='bbox 768 447 988 508; x_wconf 82' lang='lat' dir='ltr'><strong>uocnmnrs.</strong></span> <span class='ocrx_word' id='word_1_4' title='bbox 1274 472 1323 511; x_wconf 78' lang='lat' dir='ltr'><strong>m</strong></span> 
     </span>
    </p>
   </div>
   <div class='ocr_carea' id='block_1_2' title="bbox 133 563 1364 4471">
    <p class='ocr_par' dir='ltr' id='par_1_2' title="bbox 133 563 1364 4471">
     <span class='ocr_line' id='line_1_2' title="bbox 133 563 1324 678; baseline 0.003 -20"><span class='ocrx_word' id='word_1_5' title='bbox 133 581 183 658; x_wconf 71' lang='grc'><strong>70.</strong></span> <span class='ocrx_word' id='word_1_6' title='bbox 198 597 266 658; x_wconf 70' lang='grc'><strong>985.</strong></span> <span class='ocrx_word' id='word_1_7' title='bbox 288 593 511 658; x_wconf 84' lang='lat' dir='ltr'><strong>Nihilominus</strong></span> <span class='ocrx_word' id='word_1_8' title='bbox 531 602 635 655; x_wconf 91' lang='lat' dir='ltr'><strong>tamen</strong></span> <span class='ocrx_word' id='word_1_9' title='bbox 656 613 762 668; x_wconf 86' lang='lat' dir='ltr'><strong>arma,</strong></span> <span class='ocrx_word' id='word_1_10' title='bbox 783 611 862 673; x_wconf 86' lang='lat' dir='ltr'><strong>quae</strong></span> <span class='ocrx_word' id='word_1_11' title='bbox 882 563 1021 675; x_wconf 85' lang='lat' dir='ltr'><strong>privatus</strong></span> <span class='ocrx_word' id='word_1_12' title='bbox 1039 583 1195 678; x_wconf 76' lang='lat' dir='ltr'><strong>P.&#39;Scipio</strong></span> <span class='ocrx_word' id='word_1_13' title='bbox 1213 599 1324 662; x_wconf 79' lang='lat' dir='ltr'><strong>Nasica</strong></span> 
     </span>
     <span class='ocr_line' id='line_1_3' title="bbox 133 693 1325 800; baseline 0.002 -19"><span class='ocrx_word' id='word_1_14' title='bbox 133 726 276 799; x_wconf 82' lang='lat' dir='ltr'><strong>ceperat,</strong></span> <span class='ocrx_word' id='word_1_15' title='bbox 315 735 351 780; x_wconf 89' lang='lat' dir='ltr'><strong>ea</strong></span> <span class='ocrx_word' id='word_1_16' title='bbox 372 719 418 779; x_wconf 81' lang='lat' dir='ltr'><strong>m.</strong></span> <span class='ocrx_word' id='word_1_17' title='bbox 442 716 582 778; x_wconf 75' lang='lat' dir='ltr'>Graccho</span> <span class='ocrx_word' id='word_1_18' title='bbox 604 719 791 798; x_wconf 86' lang='lat' dir='ltr'><strong>interempto</strong></span> <span class='ocrx_word' id='word_1_19' title='bbox 809 693 880 779; x_wconf 86' lang='lat' dir='ltr'><strong>iure</strong></span> <span class='ocrx_word' id='word_1_20' title='bbox 903 705 1019 798; x_wconf 83' lang='lat' dir='ltr'><strong>optimo</strong></span> <span class='ocrx_word' id='word_1_21' title='bbox 1039 719 1160 800; x_wconf 90' lang='lat' dir='ltr'><strong>sumpta</strong></span> <span class='ocrx_word' id='word_1_22' title='bbox 1182 739 1249 783; x_wconf 90' lang='lat' dir='ltr'><strong>esse</strong></span> <span class='ocrx_word' id='word_1_23' title='bbox 1270 722 1325 783; x_wconf 55' lang='lat' dir='ltr'><strong>de*</strong></span> 
     </span>
     <span class='ocr_line' id='line_1_4' title="bbox 133 841 1325 920; baseline 0.003 -18"><span class='ocrx_word' id='word_1_24' title='bbox 133 841 245 903; x_wconf 71' lang='lat' dir='ltr'><strong>tendit.</strong></span> <span class='ocrx_word' id='word_1_25' title='bbox 272 842 335 902; x_wconf 86' lang='lat' dir='ltr'><strong>Cic.</strong></span> <span class='ocrx_word' id='word_1_26' title='bbox 360 849 416 920; x_wconf 91' lang='lat' dir='ltr'><strong>pro</strong></span> <span class='ocrx_word' id='word_1_27' title='bbox 438 841 576 902; x_wconf 62' lang='lat' dir='ltr'><strong>Plancioss</strong></span> <span class='ocrx_word' id='word_1_28' title='bbox 600 841 647 902; x_wconf 87' lang='grc'><strong>56.</strong></span> <span class='ocrx_word' id='word_1_29' title='bbox 669 843 716 903; x_wconf 86' lang='grc'><strong>88.</strong></span> <span class='ocrx_word' id='word_1_30' title='bbox 758 842 827 919; x_wconf 84' lang='lat' dir='ltr'><strong>Qua</strong></span> <span class='ocrx_word' id='word_1_31' title='bbox 848 860 886 904; x_wconf 82' lang='lat' dir='ltr'><strong>en</strong></span> <span class='ocrx_word' id='word_1_32' title='bbox 906 860 941 902; x_wconf 91' lang='lat' dir='ltr'><strong>re</strong></span> <span class='ocrx_word' id='word_1_33' title='bbox 961 842 994 902; x_wconf 90' lang='lat' dir='ltr'><strong>id</strong></span> <span class='ocrx_word' id='word_1_34' title='bbox 1022 849 1107 903; x_wconf 89' lang='lat' dir='ltr'><strong>certe</strong></span> <span class='ocrx_word' id='word_1_35' title='bbox 1127 843 1325 915; x_wconf 79' lang='lat' dir='ltr'><strong>manifestum</strong></span> 
     </span>
     <span class='ocr_line' id='line_1_5' title="bbox 134 944 1324 1048; baseline 0.003 -23"><span class='ocrx_word' id='word_1_36' title='bbox 134 972 198 1038; x_wconf 87' lang='lat' dir='ltr'><strong>est,</strong></span> <span class='ocrx_word' id='word_1_37' title='bbox 221 964 360 1044; x_wconf 83' lang='lat' dir='ltr'><strong>quamvis</strong></span> <span class='ocrx_word' id='word_1_38' title='bbox 380 964 432 1024; x_wconf 93' lang='lat' dir='ltr'><strong>ille</strong></span> <span class='ocrx_word' id='word_1_39' title='bbox 455 965 502 1024; x_wconf 91' lang='lat' dir='ltr'><strong>ius</strong></span> <span class='ocrx_word' id='word_1_40' title='bbox 524 963 616 1025; x_wconf 89' lang='lat' dir='ltr'><strong>civile</strong></span> <span class='ocrx_word' id='word_1_41' title='bbox 637 947 833 1026; x_wconf 79' lang='lat' dir='ltr'><strong>constituerit</strong></span> <span class='ocrx_word' id='word_1_42' title='bbox 846 971 885 1025; x_wconf 69' lang='lat' dir='ltr'><strong>‘et</strong></span> <span class='ocrx_word' id='word_1_43' title='bbox 905 944 1066 1026; x_wconf 90' lang='lat' dir='ltr'><strong>scientiam</strong></span> <span class='ocrx_word' id='word_1_44' title='bbox 1086 965 1168 1029; x_wconf 90' lang='lat' dir='ltr'><strong>illam</strong></span> <span class='ocrx_word' id='word_1_45' title='bbox 1189 966 1221 1026; x_wconf 94' lang='lat' dir='ltr'><strong>in</strong></span> <span class='ocrx_word' id='word_1_46' title='bbox 1244 984 1324 1048; x_wconf 83' lang='lat' dir='ltr'><strong>gen-</strong></span> 
     </span>
     <span class='ocr_line' id='line_1_6' title="bbox 134 1057 1325 1168; baseline 0.002 -20"><span class='ocrx_word' id='word_1_47' title='bbox 134 1093 198 1148; x_wconf 90' lang='lat' dir='ltr'><strong>tem</strong></span> <span class='ocrx_word' id='word_1_48' title='bbox 219 1087 348 1148; x_wconf 79' lang='lat' dir='ltr'><strong>Muciam</strong></span> <span class='ocrx_word' id='word_1_49' title='bbox 368 1087 525 1161; x_wconf 89' lang='lat' dir='ltr'><strong>intulerit,</strong></span> <span class='ocrx_word' id='word_1_50' title='bbox 556 1094 659 1148; x_wconf 85' lang='lat' dir='ltr'><strong>tamen</strong></span> <span class='ocrx_word' id='word_1_51' title='bbox 682 1087 748 1148; x_wconf 84' lang='lat' dir='ltr'><strong>eius</strong></span> <span class='ocrx_word' id='word_1_52' title='bbox 771 1057 1011 1148; x_wconf 73' lang='lat' dir='ltr'><strong>inconstantiam</strong></span> <span class='ocrx_word' id='word_1_53' title='bbox 1032 1088 1126 1148; x_wconf 86' lang='lat' dir='ltr'><strong>luisse</strong></span> <span class='ocrx_word' id='word_1_54' title='bbox 1148 1089 1325 1168; x_wconf 87' lang='lat' dir='ltr'><strong>reprehen-</strong></span> 
     </span>
     <span class='ocr_line' id='line_1_7' title="bbox 135 1181 1325 1288; baseline 0.001 -18"><span class='ocrx_word' id='word_1_55' title='bbox 135 1205 280 1271; x_wconf 81' lang='lat' dir='ltr'><strong>dendam.</strong></span> <span class='ocrx_word' id='word_1_56' title='bbox 326 1211 422 1270; x_wconf 59' lang='lat' dir='ltr'><strong>Alter*</strong></span> <span class='ocrx_word' id='word_1_57' title='bbox 444 1217 548 1270; x_wconf 89' lang='lat' dir='ltr'><strong>autem</strong></span> <span class='ocrx_word' id='word_1_58' title='bbox 580 1210 618 1287; x_wconf 82' lang='lat' dir='ltr'><strong>Q.</strong></span> <span class='ocrx_word' id='word_1_59' title='bbox 641 1189 760 1272; x_wconf 88' lang='lat' dir='ltr'><strong>lllucius</strong></span> <span class='ocrx_word' id='word_1_60' title='bbox 780 1181 936 1271; x_wconf 87' lang='lat' dir='ltr'><strong>Scaevola</strong></span> <span class='ocrx_word' id='word_1_61' title='bbox 950 1227 1065 1288; x_wconf 90' lang='lat' dir='ltr'><strong>augur,</strong></span> <span class='ocrx_word' id='word_1_62' title='bbox 1095 1227 1165 1271; x_wconf 90' lang='lat' dir='ltr'><strong>cum</strong></span> <span class='ocrx_word' id='word_1_63' title='bbox 1192 1211 1325 1272; x_wconf 84' lang='lat' dir='ltr'><strong>baeliam</strong></span> 
     </span>
     <span class='ocr_line' id='line_1_8' title="bbox 136 1309 1327 1406; baseline 0.003 -16"><span class='ocrx_word' id='word_1_64' title='bbox 136 1333 168 1392; x_wconf 85' lang='lat' dir='ltr'><strong>C.</strong></span> <span class='ocrx_word' id='word_1_65' title='bbox 197 1330 229 1393; x_wconf 78' lang='lat' dir='ltr'><strong>F.</strong></span> <span class='ocrx_word' id='word_1_66' title='bbox 256 1309 296 1391; x_wconf 84' lang='lat' dir='ltr'><strong>in</strong></span> <span class='ocrx_word' id='word_1_67' title='bbox 329 1333 558 1392; x_wconf 82' lang='lat' dir='ltr'><strong>matrimonium</strong></span> <span class='ocrx_word' id='word_1_68' title='bbox 602 1317 759 1406; x_wconf 58' lang='lat' dir='ltr'><strong>duxisset,</strong></span> <span class='ocrx_word' id='word_1_69' title='bbox 808 1338 867 1394; x_wconf 81' lang='lat' dir='ltr'><strong>ex&#39;</strong></span> <span class='ocrx_word' id='word_1_70' title='bbox 891 1350 927 1394; x_wconf 88' lang='lat' dir='ltr'><strong>ea</strong></span> <span class='ocrx_word' id='word_1_71' title='bbox 967 1332 1044 1393; x_wconf 88' lang='lat' dir='ltr'><strong>duas</strong></span> <span class='ocrx_word' id='word_1_72' title='bbox 1087 1330 1166 1394; x_wconf 87' lang='lat' dir='ltr'><strong>filias</strong></span> <span class='ocrx_word' id='word_1_73' title='bbox 1211 1335 1327 1396; x_wconf 84' lang='lat' dir='ltr'><strong>Mucias</strong></span> 
     </span>
     <span class='ocr_line' id='line_1_9' title="bbox 136 1421 1331 1534; baseline 0.001 -19"><span class='ocrx_word' id='word_1_74' title='bbox 136 1461 332 1533; x_wconf 81' lang='lat' dir='ltr'><strong>susceperat,</strong></span> <span class='ocrx_word' id='word_1_75' title='bbox 358 1471 489 1533; x_wconf 89' lang='lat' dir='ltr'><strong>quarum</strong></span> <span class='ocrx_word' id='word_1_76' title='bbox 510 1454 608 1516; x_wconf 88' lang='lat' dir='ltr'><strong>altera</strong></span> <span class='ocrx_word' id='word_1_77' title='bbox 630 1457 739 1516; x_wconf 85' lang='lat' dir='ltr'><strong>Crasso</strong></span> <span class='ocrx_word' id='word_1_78' title='bbox 762 1455 879 1515; x_wconf 89' lang='lat' dir='ltr'><strong>oratori</strong></span> <span class='ocrx_word' id='word_1_79' title='bbox 898 1461 1058 1534; x_wconf 83' lang='lat' dir='ltr'><strong>nupserat.</strong></span> <span class='ocrx_word' id='word_1_80' title='bbox 1092 1455 1210 1516; x_wconf 84' lang='lat' dir='ltr'><strong>Mucius</strong></span> <span class='ocrx_word' id='word_1_81' title='bbox 1232 1421 1331 1534; x_wconf 78' lang='lat' dir='ltr'><strong>igitur</strong></span> 
     </span>
     <span class='ocr_line' id='line_1_10' title="bbox 135 1553 1364 1662; baseline 0.003 -26"><span class='ocrx_word' id='word_1_82' title='bbox 135 1576 219 1655; x_wconf 90' lang='lat' dir='ltr'><strong>apud</strong></span> <span class='ocrx_word' id='word_1_83' title='bbox 247 1577 398 1638; x_wconf 83' lang='lat' dir='ltr'><strong>Lucilium</strong></span> <span class='ocrx_word' id='word_1_84' title='bbox 419 1553 549 1639; x_wconf 84' lang='lat' dir='ltr'><strong>Athenis</strong></span> <span class='ocrx_word' id='word_1_85' title='bbox 572 1575 674 1646; x_wconf 86' lang='lat' dir='ltr'><strong>Titum</strong></span> <span class='ocrx_word' id='word_1_86' title='bbox 695 1577 858 1638; x_wconf 81' lang='lat' dir='ltr'><strong>Albucium</strong></span> <span class='ocrx_word' id='word_1_87' title='bbox 886 1585 1015 1660; x_wconf 88' lang='lat' dir='ltr'><strong>propter</strong></span> <span class='ocrx_word' id='word_1_88' title='bbox 1037 1579 1149 1640; x_wconf 84' lang='lat' dir='ltr'><strong>Graeci</strong></span> <span class='ocrx_word' id='word_1_89' title='bbox 1177 1579 1328 1640; x_wconf 90' lang='lat' dir='ltr'><strong>sermonis</strong></span> <span class='ocrx_word' id='word_1_90' title='bbox 1361 1659 1364 1662; x_wconf 18' lang='grc' dir='ltr'>Ι</span> 
     </span>
     <span class='ocr_line' id='line_1_11' title="bbox 138 1677 1328 1779; baseline 0.002 -20"><span class='ocrx_word' id='word_1_91' title='bbox 138 1699 372 1762; x_wconf 82' lang='lat' dir='ltr'><strong>affectationem-</strong></span> <span class='ocrx_word' id='word_1_92' title='bbox 394 1677 509 1775; x_wconf 77' lang='lat' dir='ltr'><strong>irrisit,</strong></span> <span class='ocrx_word' id='word_1_93' title='bbox 539 1702 591 1779; x_wconf 88' lang='lat' dir='ltr'><strong>qui</strong></span> <span class='ocrx_word' id='word_1_94' title='bbox 620 1717 653 1762; x_wconf 88' lang='lat' dir='ltr'><strong>se</strong></span> <span class='ocrx_word' id='word_1_95' title='bbox 669 1693 772 1779; x_wconf 78' lang='lat' dir='ltr'><strong>&#39;plane</strong></span> <span class='ocrx_word' id='word_1_96' title='bbox 795 1703 947 1761; x_wconf 87' lang='lat' dir='ltr'><strong>Graecum</strong></span> <span class='ocrx_word' id='word_1_97' title='bbox 968 1694 1030 1761; x_wconf 83' lang='lat' dir='ltr'><strong>dici</strong></span> <span class='ocrx_word' id='word_1_98' title='bbox 1050 1685 1166 1773; x_wconf 82' lang='lat' dir='ltr'><strong>voluit3</strong></span> <span class='ocrx_word' id='word_1_99' title='bbox 1190 1717 1287 1778; x_wconf 90' lang='lat' dir='ltr'><strong>quare</strong></span> <span class='ocrx_word' id='word_1_100' title='bbox 1310 1718 1328 1761; x_wconf 91' lang='lat' dir='ltr'><strong>a</strong></span> 
     </span>
     <span class='ocr_line' id='line_1_12' title="bbox 136 1794 1327 1908; baseline -0.001 -25"><span class='ocrx_word' id='word_1_101' title='bbox 136 1823 284 1884; x_wconf 90' lang='lat' dir='ltr'><strong>Scaevola</strong></span> <span class='ocrx_word' id='word_1_102' title='bbox 321 1794 467 1902; x_wconf 70' lang='lat' dir='ltr'><strong>praetore</strong></span> <span class='ocrx_word' id='word_1_103' title='bbox 492 1804 578 1883; x_wconf 88' lang='lat' dir='ltr'><strong>illum</strong></span> <span class='ocrx_word' id='word_1_104' title='bbox 606 1817 883 1882; x_wconf 71' lang='lat' dir='ltr'><strong>Athenis&#39;Graece</strong></span> <span class='ocrx_word' id='word_1_105' title='bbox 913 1823 1078 1883; x_wconf 89' lang='lat' dir='ltr'><strong>salutatum</strong></span> <span class='ocrx_word' id='word_1_106' title='bbox 1109 1823 1203 1883; x_wconf 83' lang='lat' dir='ltr'><strong>fuisse</strong></span> <span class='ocrx_word' id='word_1_107' title='bbox 1232 1824 1327 1908; x_wconf 86' lang='lat' dir='ltr'><strong>multa</strong></span> 
     </span>
     <span class='ocr_line' id='line_1_13' title="bbox 135 1912 1326 2030; baseline 0.002 -26"><span class='ocrx_word' id='word_1_108' title='bbox 135 1961 206 2004; x_wconf 91' lang='lat' dir='ltr'><strong>curn</strong></span> <span class='ocrx_word' id='word_1_109' title='bbox 231 1912 560 2006; x_wconf 81' lang='lat' dir='ltr'><strong>venustateetomni</strong></span> <span class='ocrx_word' id='word_1_110' title='bbox 587 1919 652 2004; x_wconf 86' lang='lat' dir='ltr'><strong>sale</strong></span> <span class='ocrx_word' id='word_1_111' title='bbox 677 1925 810 2030; x_wconf 56' lang='lat' dir='ltr'><strong>linierat</strong></span> <span class='ocrx_word' id='word_1_112' title='bbox 837 1939 982 2005; x_wconf 86' lang='lat' dir='ltr'><strong>Lucilius.</strong></span> <span class='ocrx_word' id='word_1_113' title='bbox 1011 1944 1155 2005; x_wconf 61' lang='lat' dir='ltr'><strong>cintia.</strong></span> <span class='ocrx_word' id='word_1_114' title='bbox 1180 1943 1219 2006; x_wconf 87' lang='lat' dir='ltr'><strong>de</strong></span> <span class='ocrx_word' id='word_1_115' title='bbox 1240 1937 1326 2006; x_wconf 82' lang='lat' dir='ltr'><strong>Finn.</strong></span> 
     </span>
     <span class='ocr_line' id='line_1_14' title="bbox 137 2053 1329 2141; baseline 0.003 -17"><span class='ocrx_word' id='word_1_116' title='bbox 137 2067 162 2126; x_wconf 91' lang='lat' dir='ltr'><strong>l.</strong></span> <span class='ocrx_word' id='word_1_117' title='bbox 185 2066 233 2127; x_wconf 90' lang='grc'><strong>59.</strong></span> <span class='ocrx_word' id='word_1_118' title='bbox 257 2074 288 2126; x_wconf 90' lang='lat' dir='ltr'><strong>et</strong></span> <span class='ocrx_word' id='word_1_119' title='bbox 305 2067 345 2127; x_wconf 84' lang='lat' dir='ltr'><strong>lr.</strong></span> <span class='ocrx_word' id='word_1_120' title='bbox 367 2053 397 2126; x_wconf 88' lang='grc'><strong>5.</strong></span> <span class='ocrx_word' id='word_1_121' title='bbox 421 2083 459 2128; x_wconf 84' lang='lat' dir='ltr'><strong>ex</strong></span> <span class='ocrx_word' id='word_1_122' title='bbox 487 2055 625 2128; x_wconf 81' lang='lat' dir='ltr'><strong>incertis.</strong></span> <span class='ocrx_word' id='word_1_123' title='bbox 657 2065 729 2127; x_wconf 67' lang='lat' dir='ltr'><strong>‘Sed</strong></span> <span class='ocrx_word' id='word_1_124' title='bbox 756 2071 791 2126; x_wconf 89' lang='lat' dir='ltr'><strong>ut</strong></span> <span class='ocrx_word' id='word_1_125' title='bbox 819 2065 858 2126; x_wconf 91' lang='lat' dir='ltr'><strong>ad</strong></span> <span class='ocrx_word' id='word_1_126' title='bbox 880 2067 1003 2126; x_wconf 78' lang='lat' dir='ltr'><strong>Crassos</strong></span> <span class='ocrx_word' id='word_1_127' title='bbox 1030 2065 1172 2141; x_wconf 87' lang='lat' dir='ltr'><strong>redeam,</strong></span> <span class='ocrx_word' id='word_1_128' title='bbox 1202 2085 1264 2127; x_wconf 91' lang='lat' dir='ltr'><strong>non</strong></span> <span class='ocrx_word' id='word_1_129' title='bbox 1291 2085 1329 2128; x_wconf 82' lang='lat' dir='ltr'><strong>ex</strong></span> 
     </span>
     <span class='ocr_line' id='line_1_15' title="bbox 136 2169 1329 2266; baseline 0.003 -20"><span class='ocrx_word' id='word_1_130' title='bbox 136 2195 231 2266; x_wconf 85' lang='lat' dir='ltr'><strong>gente</strong></span> <span class='ocrx_word' id='word_1_131' title='bbox 262 2189 378 2248; x_wconf 90' lang='lat' dir='ltr'><strong>Licinia</strong></span> <span class='ocrx_word' id='word_1_132' title='bbox 409 2188 468 2248; x_wconf 83' lang='lat' dir='ltr'><strong>luit</strong></span> <span class='ocrx_word' id='word_1_133' title='bbox 488 2189 615 2249; x_wconf 89' lang='lat' dir='ltr'><strong>Crassus</strong></span> <span class='ocrx_word' id='word_1_134' title='bbox 643 2169 831 2266; x_wconf 67' lang='grc' dir='ltr'><strong>πάνᾶιθος,</strong></span> <span class='ocrx_word' id='word_1_135' title='bbox 861 2205 954 2266; x_wconf 87' lang='lat' dir='ltr'><strong>quem</strong></span> <span class='ocrx_word' id='word_1_136' title='bbox 980 2187 1068 2249; x_wconf 89' lang='lat' dir='ltr'><strong>Lucii</strong></span> <span class='ocrx_word' id='word_1_137' title='bbox 1095 2190 1201 2250; x_wconf 86' lang='lat' dir='ltr'><strong>Cottae</strong></span> <span class='ocrx_word' id='word_1_138' title='bbox 1232 2182 1329 2250; x_wconf 84' lang='lat' dir='ltr'><strong>filium</strong></span> 
     </span>
     <span class='ocr_line' id='line_1_16' title="bbox 137 2277 1331 2392; baseline 0.002 -24"><span class='ocrx_word' id='word_1_139' title='bbox 137 2308 230 2370; x_wconf 81' lang='lat' dir='ltr'><strong>fuisse</strong></span> <span class='ocrx_word' id='word_1_140' title='bbox 254 2291 519 2372; x_wconf 79' lang='lat' dir='ltr'><strong>Lucilius&#39;auctor</strong></span> <span class='ocrx_word' id='word_1_141' title='bbox 539 2291 648 2372; x_wconf 76' lang='lat' dir='ltr'><strong>estin</strong></span> <span class='ocrx_word' id='word_1_142' title='bbox 667 2311 696 2370; x_wconf 90' lang='grc'><strong>5.</strong></span> <span class='ocrx_word' id='word_1_143' title='bbox 720 2314 755 2372; x_wconf 70' lang='grc'><strong>1..</strong></span> <span class='ocrx_word' id='word_1_144' title='bbox 777 2311 829 2371; x_wconf 89' lang='lat' dir='ltr'><strong>Xl.</strong></span> <span class='ocrx_word' id='word_1_145' title='bbox 859 2277 910 2370; x_wconf 84' lang='lat' dir='ltr'><strong>cui</strong></span> <span class='ocrx_word' id='word_1_146' title='bbox 930 2327 986 2371; x_wconf 89' lang='lat' dir='ltr'><strong>cor</strong></span> <span class='ocrx_word' id='word_1_147' title='bbox 1006 2307 1067 2370; x_wconf 91' lang='lat' dir='ltr'><strong>hoc</strong></span> <span class='ocrx_word' id='word_1_148' title='bbox 1088 2322 1259 2392; x_wconf 78' lang='lat' dir='ltr'><strong>cognomen</strong></span> <span class='ocrx_word' id='word_1_149' title='bbox 1282 2311 1331 2371; x_wconf 89' lang='lat' dir='ltr'><strong>in-</strong></span> 
     </span>
     <span class='ocr_line' id='line_1_17' title="bbox 138 2405 1330 2514; baseline 0.002 -23"><span class='ocrx_word' id='word_1_150' title='bbox 138 2431 235 2493; x_wconf 89' lang='lat' dir='ltr'><strong>ditum</strong></span> <span class='ocrx_word' id='word_1_151' title='bbox 257 2433 366 2506; x_wconf 86' lang='lat' dir='ltr'><strong>suerit,</strong></span> <span class='ocrx_word' id='word_1_152' title='bbox 389 2434 441 2494; x_wconf 82' lang='lat' dir='ltr'><strong>vix</strong></span> <span class='ocrx_word' id='word_1_153' title='bbox 464 2405 671 2514; x_wconf 85' lang='lat' dir='ltr'><strong>probabiliter</strong></span> <span class='ocrx_word' id='word_1_154' title='bbox 692 2435 862 2495; x_wconf 87' lang='lat' dir='ltr'><strong>constituas</strong></span> <span class='ocrx_word' id='word_1_155' title='bbox 873 2455 882 2506; x_wconf 87' lang='lat'>;</span> <span class='ocrx_word' id='word_1_156' title='bbox 904 2423 1014 2511; x_wconf 74' lang='lat' dir='ltr'><strong>quodsi</strong></span> <span class='ocrx_word' id='word_1_157' title='bbox 1036 2433 1118 2494; x_wconf 89' lang='lat' dir='ltr'><strong>enim</strong></span> <span class='ocrx_word' id='word_1_158' title='bbox 1138 2433 1190 2493; x_wconf 89' lang='lat' dir='ltr'><strong>illc</strong></span> <span class='ocrx_word' id='word_1_159' title='bbox 1210 2439 1256 2494; x_wconf 88' lang='lat' dir='ltr'><strong>est</strong></span> <span class='ocrx_word' id='word_1_160' title='bbox 1279 2432 1330 2493; x_wconf 91' lang='lat' dir='ltr'><strong>in-</strong></span> 
     </span>
     <span class='ocr_line' id='line_1_18' title="bbox 140 2544 1332 2634; baseline 0.002 -20"><span class='ocrx_word' id='word_1_161' title='bbox 140 2545 337 2634; x_wconf 86' lang='lat' dir='ltr'><strong>telligendus,</strong></span> <span class='ocrx_word' id='word_1_162' title='bbox 361 2569 453 2633; x_wconf 89' lang='lat' dir='ltr'><strong>quem</strong></span> <span class='ocrx_word' id='word_1_163' title='bbox 474 2557 583 2617; x_wconf 82' lang='lat' dir='ltr'><strong>Cicero</strong></span> <span class='ocrx_word' id='word_1_164' title='bbox 602 2556 642 2617; x_wconf 84' lang='lat' dir='ltr'><strong>de</strong></span> <span class='ocrx_word' id='word_1_165' title='bbox 663 2557 714 2618; x_wconf 85' lang='lat' dir='ltr'><strong>Or.</strong></span> <span class='ocrx_word' id='word_1_166' title='bbox 736 2558 788 2618; x_wconf 89' lang='lat' dir='ltr'><strong>lll.</strong></span> <span class='ocrx_word' id='word_1_167' title='bbox 804 2556 852 2616; x_wconf 91' lang='lat' dir='ltr'><strong>ll.</strong></span> <span class='ocrx_word' id='word_1_168' title='bbox 868 2544 926 2626; x_wconf 67' lang='lat'><strong>7123</strong></span> <span class='ocrx_word' id='word_1_169' title='bbox 948 2554 1088 2634; x_wconf 88' lang='lat' dir='ltr'><strong>gavisum</strong></span> <span class='ocrx_word' id='word_1_170' title='bbox 1108 2573 1175 2626; x_wconf 83' lang='lat' dir='ltr'><strong>esse</strong></span> <span class='ocrx_word' id='word_1_171' title='bbox 1199 2557 1242 2616; x_wconf 90' lang='lat' dir='ltr'><strong>ait</strong></span> <span class='ocrx_word' id='word_1_172' title='bbox 1261 2571 1332 2634; x_wconf 88' lang='lat' dir='ltr'><strong>gra-</strong></span> 
     </span>
     <span class='ocr_line' id='line_1_19' title="bbox 137 2656 1332 2755; baseline 0.002 -19"><span class='ocrx_word' id='word_1_173' title='bbox 137 2656 232 2736; x_wconf 82' lang='lat' dir='ltr'><strong>vitate</strong></span> <span class='ocrx_word' id='word_1_174' title='bbox 248 2677 385 2754; x_wconf 62' lang='lat' dir='ltr'><strong>linguaev</strong></span> <span class='ocrx_word' id='word_1_175' title='bbox 397 2694 534 2754; x_wconf 87' lang='lat' dir='ltr'><strong>sonoque</strong></span> <span class='ocrx_word' id='word_1_176' title='bbox 555 2673 642 2737; x_wconf 82' lang='lat' dir='ltr'><strong>vocis</strong></span> <span class='ocrx_word' id='word_1_177' title='bbox 662 2663 794 2755; x_wconf 82' lang='lat' dir='ltr'><strong>agresti,</strong></span> <span class='ocrx_word' id='word_1_178' title='bbox 823 2678 866 2736; x_wconf 90' lang='lat' dir='ltr'><strong>ita</strong></span> <span class='ocrx_word' id='word_1_179' title='bbox 893 2685 1010 2736; x_wconf 87' lang='lat' dir='ltr'><strong>utnon</strong></span> <span class='ocrx_word' id='word_1_180' title='bbox 1031 2685 1170 2737; x_wconf 89' lang='lat' dir='ltr'><strong>oratores</strong></span> <span class='ocrx_word' id='word_1_181' title='bbox 1190 2677 1332 2754; x_wconf 88' lang='lat' dir='ltr'><strong>antiquos</strong></span> 
     </span>
     <span class='ocr_line' id='line_1_20' title="bbox 138 2795 1334 2877; baseline 0.003 -20"><span class='ocrx_word' id='word_1_182' title='bbox 138 2796 194 2858; x_wconf 88' lang='lat' dir='ltr'><strong>sed</strong></span> <span class='ocrx_word' id='word_1_183' title='bbox 214 2799 366 2864; x_wconf 82' lang='lat' dir='ltr'><strong>messores</strong></span> <span class='ocrx_word' id='word_1_184' title='bbox 392 2798 507 2858; x_wconf 88' lang='lat' dir='ltr'><strong>imitari</strong></span> <span class='ocrx_word' id='word_1_185' title='bbox 532 2797 709 2872; x_wconf 81' lang='lat' dir='ltr'><strong>videretur,</strong></span> <span class='ocrx_word' id='word_1_186' title='bbox 742 2798 865 2859; x_wconf 88' lang='lat' dir='ltr'><strong>nonnisi</strong></span> <span class='ocrx_word' id='word_1_187' title='bbox 894 2816 952 2877; x_wconf 89' lang='lat' dir='ltr'><strong>per</strong></span> <span class='ocrx_word' id='word_1_188' title='bbox 976 2797 1150 2859; x_wconf 88' lang='lat' dir='ltr'><strong>irrisionem</strong></span> <span class='ocrx_word' id='word_1_189' title='bbox 1176 2815 1247 2859; x_wconf 89' lang='lat' dir='ltr'><strong>eum</strong></span> <span class='ocrx_word' id='word_1_190' title='bbox 1267 2795 1334 2862; x_wconf 77' lang='grc' dir='ltr'><strong>πά·</strong></span> 
     </span>
     <span class='ocr_line' id='line_1_21' title="bbox 138 2889 1334 2998; baseline -0.004 -13"><span class='ocrx_word' id='word_1_191' title='bbox 138 2920 262 2985; x_wconf 55' lang='lat' dir='ltr'><strong>ratior</strong></span> <span class='ocrx_word' id='word_1_192' title='bbox 282 2889 472 2998; x_wconf 88' lang='lat' dir='ltr'><strong>appellatum</strong></span> <span class='ocrx_word' id='word_1_193' title='bbox 495 2919 589 2996; x_wconf 80' lang='lat' dir='ltr'><strong>fuisse</strong></span> <span class='ocrx_word' id='word_1_194' title='bbox 615 2919 707 2981; x_wconf 84' lang='lat' dir='ltr'><strong>facilc</strong></span> <span class='ocrx_word' id='word_1_195' title='bbox 728 2921 910 2982; x_wconf 88' lang='lat' dir='ltr'><strong>credideris.</strong></span> <span class='ocrx_word' id='word_1_196' title='bbox 953 2923 1097 2982; x_wconf 88' lang='lat' dir='ltr'><strong>Ceterum</strong></span> <span class='ocrx_word' id='word_1_197' title='bbox 1127 2938 1166 2982; x_wconf 85' lang='lat' dir='ltr'><strong>ex</strong></span> <span class='ocrx_word' id='word_1_198' title='bbox 1185 2918 1334 2980; x_wconf 88' lang='lat' dir='ltr'><strong>hocloco</strong></span> 
     </span>
     <span class='ocr_line' id='line_1_22' title="bbox 139 3027 1333 3125; baseline -0.002 -21"><span class='ocrx_word' id='word_1_199' title='bbox 139 3061 202 3104; x_wconf 90' lang='lat' dir='ltr'><strong>non</strong></span> <span class='ocrx_word' id='word_1_200' title='bbox 218 3043 373 3121; x_wconf 84' lang='lat' dir='ltr'><strong>sequitur,</strong></span> <span class='ocrx_word' id='word_1_201' title='bbox 395 3042 527 3104; x_wconf 81' lang='lat' dir='ltr'><strong>Aureliis</strong></span> <span class='ocrx_word' id='word_1_202' title='bbox 547 3061 671 3122; x_wconf 85' lang='lat' dir='ltr'><strong>quoque</strong></span> <span class='ocrx_word' id='word_1_203' title='bbox 691 3059 863 3125; x_wconf 84' lang='lat' dir='ltr'><strong>cognomen</strong></span> <span class='ocrx_word' id='word_1_204' title='bbox 886 3027 1001 3105; x_wconf 75' lang='lat' dir='ltr'><strong>Crassis</strong></span> <span class='ocrx_word' id='word_1_205' title='bbox 1021 3040 1136 3115; x_wconf 82' lang='lat' dir='ltr'><strong>luisse3</strong></span> <span class='ocrx_word' id='word_1_206' title='bbox 1160 3049 1235 3104; x_wconf 79' lang='lat' dir='ltr'><strong>cuni</strong></span> <span class='ocrx_word' id='word_1_207' title='bbox 1251 3043 1333 3103; x_wconf 90' lang='lat' dir='ltr'><strong>enim</strong></span> 
     </span>
     <span class='ocr_line' id='line_1_23' title="bbox 141 3133 1334 3246; baseline 0.001 -20"><span class='ocrx_word' id='word_1_208' title='bbox 141 3183 230 3235; x_wconf 87' lang='lat' dir='ltr'><strong>senes</strong></span> <span class='ocrx_word' id='word_1_209' title='bbox 263 3167 380 3236; x_wconf 83' lang='lat' dir='ltr'><strong>crassi,</strong></span> <span class='ocrx_word' id='word_1_210' title='bbox 408 3165 538 3227; x_wconf 86' lang='lat' dir='ltr'><strong>hebetes</strong></span> <span class='ocrx_word' id='word_1_211' title='bbox 562 3157 788 3246; x_wconf 84' lang='lat' dir='ltr'><strong>intelligantur,</strong></span> <span class='ocrx_word' id='word_1_212' title='bbox 812 3147 910 3228; x_wconf 81' lang='lat' dir='ltr'><strong>¹facile</strong></span> <span class='ocrx_word' id='word_1_213' title='bbox 937 3166 1006 3228; x_wconf 84' lang='lat' dir='ltr'><strong>ficri</strong></span> <span class='ocrx_word' id='word_1_214' title='bbox 1032 3133 1150 3246; x_wconf 87' lang='lat' dir='ltr'><strong>potuit,</strong></span> <span class='ocrx_word' id='word_1_215' title='bbox 1179 3175 1213 3228; x_wconf 90' lang='lat' dir='ltr'><strong>ut</strong></span> <span class='ocrx_word' id='word_1_216' title='bbox 1241 3164 1334 3227; x_wconf 91' lang='lat' dir='ltr'><strong>bomo</strong></span> 
     </span>
     <span class='ocr_line' id='line_1_24' title="bbox 140 3256 1335 3368; baseline 0.002 -20"><span class='ocrx_word' id='word_1_217' title='bbox 140 3287 192 3349; x_wconf 75' lang='lat' dir='ltr'><strong>elle</strong></span> <span class='ocrx_word' id='word_1_218' title='bbox 224 3287 417 3350; x_wconf 86' lang='lat' dir='ltr'><strong>subrusticus</strong></span> <span class='ocrx_word' id='word_1_219' title='bbox 443 3288 572 3349; x_wconf 81' lang='lat' dir='ltr'><strong>Crassos</strong></span> <span class='ocrx_word' id='word_1_220' title='bbox 600 3295 632 3349; x_wconf 90' lang='lat' dir='ltr'><strong>et</strong></span> <span class='ocrx_word' id='word_1_221' title='bbox 659 3289 719 3349; x_wconf 87' lang='lat' dir='ltr'><strong>ioci</strong></span> <span class='ocrx_word' id='word_1_222' title='bbox 751 3279 843 3350; x_wconf 87' lang='lat' dir='ltr'><strong>causa</strong></span> <span class='ocrx_word' id='word_1_223' title='bbox 867 3287 1043 3368; x_wconf 65' lang='grc' dir='ltr'><strong><em>πάναιδος</em></strong></span> <span class='ocrx_word' id='word_1_224' title='bbox 1066 3288 1087 3350; x_wconf 90' lang='lat' dir='ltr'><strong>i.</strong></span> <span class='ocrx_word' id='word_1_225' title='bbox 1105 3256 1127 3350; x_wconf 21' lang='lat' dir='ltr'><strong>‘e</strong></span> <span class='ocrx_word' id='word_1_226' title='bbox 1148 3287 1335 3350; x_wconf 90' lang='lat' dir='ltr'><strong>clarissimus</strong></span> 
     </span>
     <span class='ocr_line' id='line_1_25' title="bbox 144 3402 1335 3490; baseline -0.002 -20"><span class='ocrx_word' id='word_1_227' title='bbox 144 3418 319 3471; x_wconf 88' lang='lat' dir='ltr'><strong>vocaretur.</strong></span> <span class='ocrx_word' id='word_1_228' title='bbox 345 3410 505 3471; x_wconf 40' lang='lat' dir='ltr'><strong>*Ceterum</strong></span> <span class='ocrx_word' id='word_1_229' title='bbox 526 3411 593 3472; x_wconf 88' lang='lat' dir='ltr'><strong>eius</strong></span> <span class='ocrx_word' id='word_1_230' title='bbox 614 3402 735 3490; x_wconf 65' lang='lat' dir='ltr'><strong>patrem</strong></span> <span class='ocrx_word' id='word_1_231' title='bbox 756 3414 789 3471; x_wconf 91' lang='lat' dir='ltr'><strong>L.</strong></span> <span class='ocrx_word' id='word_1_232' title='bbox 813 3413 971 3472; x_wconf 79' lang='lat' dir='ltr'><strong>Aurelium</strong></span> <span class='ocrx_word' id='word_1_233' title='bbox 992 3413 1110 3471; x_wconf 86' lang='lat' dir='ltr'><strong>Cottam</strong></span> <span class='ocrx_word' id='word_1_234' title='bbox 1137 3411 1272 3490; x_wconf 85' lang='lat' dir='ltr'><strong>Lucilius</strong></span> <span class='ocrx_word' id='word_1_235' title='bbox 1295 3409 1335 3470; x_wconf 94' lang='lat' dir='ltr'><strong>ob</strong></span> 
     </span>
     <span class='ocr_line' id='line_1_26' title="bbox 144 3531 1335 3614; baseline -0.003 -20"><span class='ocrx_word' id='word_1_236' title='bbox 144 3533 274 3594; x_wconf 89' lang='lat' dir='ltr'><strong>eandem</strong></span> <span class='ocrx_word' id='word_1_237' title='bbox 304 3551 371 3594; x_wconf 89' lang='lat' dir='ltr'><strong>rem</strong></span> <span class='ocrx_word' id='word_1_238' title='bbox 398 3535 526 3607; x_wconf 87' lang='lat' dir='ltr'><strong>notavit,</strong></span> <span class='ocrx_word' id='word_1_239' title='bbox 556 3549 635 3612; x_wconf 87' lang='lat' dir='ltr'><strong>quac</strong></span> <span class='ocrx_word' id='word_1_240' title='bbox 656 3550 673 3594; x_wconf 92' lang='lat' dir='ltr'><strong>a</strong></span> <span class='ocrx_word' id='word_1_241' title='bbox 695 3532 819 3594; x_wconf 85' lang='lat' dir='ltr'><strong>Valerio</strong></span> <span class='ocrx_word' id='word_1_242' title='bbox 844 3533 975 3593; x_wconf 82' lang='lat' dir='ltr'><strong>Maximo</strong></span> <span class='ocrx_word' id='word_1_243' title='bbox 1002 3539 1148 3614; x_wconf 89' lang='lat' dir='ltr'><strong>narratur</strong></span> <span class='ocrx_word' id='word_1_244' title='bbox 1169 3533 1219 3592; x_wconf 90' lang='lat' dir='ltr'><strong>Vl.</strong></span> <span class='ocrx_word' id='word_1_245' title='bbox 1242 3531 1273 3592; x_wconf 88' lang='grc'><strong>5.</strong></span> <span class='ocrx_word' id='word_1_246' title='bbox 1295 3532 1314 3590; x_wconf 86' lang='lat' dir='ltr'><strong>tr</strong></span> <span class='ocrx_word' id='word_1_247' title='bbox 1327 3551 1335 3602; x_wconf 87' lang='grc'><strong>;</strong></span> 
     </span>
     <span class='ocr_line' id='line_1_27' title="bbox 142 3653 1335 3735; baseline -0.001 -20"><span class='ocrx_word' id='word_1_248' title='bbox 142 3657 343 3717; x_wconf 73' lang='grc' dir='ltr'>ιιοὶυίιόηἰιη</span> <span class='ocrx_word' id='word_1_249' title='bbox 362 3657 432 3730; x_wconf 87' lang='lat' dir='ltr'><strong>ille,</strong></span> <span class='ocrx_word' id='word_1_250' title='bbox 465 3675 536 3718; x_wconf 92' lang='lat' dir='ltr'><strong>cum</strong></span> <span class='ocrx_word' id='word_1_251' title='bbox 557 3663 597 3718; x_wconf 88' lang='lat' dir='ltr'><strong>tr.</strong></span> <span class='ocrx_word' id='word_1_252' title='bbox 620 3656 720 3735; x_wconf 89' lang='lat' dir='ltr'><strong>plebis</strong></span> <span class='ocrx_word' id='word_1_253' title='bbox 741 3663 838 3729; x_wconf 90' lang='lat' dir='ltr'><strong>esset,</strong></span> <span class='ocrx_word' id='word_1_254' title='bbox 867 3653 981 3716; x_wconf 91' lang='lat' dir='ltr'><strong>fiducia</strong></span> <span class='ocrx_word' id='word_1_255' title='bbox 1005 3660 1221 3716; x_wconf 85' lang='lat' dir='ltr'><strong>sacrosanctae</strong></span> <span class='ocrx_word' id='word_1_256' title='bbox 1244 3659 1335 3733; x_wconf 89' lang='lat' dir='ltr'><strong>pote-</strong></span> 
     </span>
     <span class='ocr_line' id='line_1_28' title="bbox 143 3755 1335 3851; baseline -0.001 -13"><span class='ocrx_word' id='word_1_257' title='bbox 143 3777 243 3849; x_wconf 86' lang='lat' dir='ltr'><strong>statis,</strong></span> <span class='ocrx_word' id='word_1_258' title='bbox 266 3777 471 3841; x_wconf 88' lang='lat' dir='ltr'><strong>creditoribus</strong></span> <span class='ocrx_word' id='word_1_259' title='bbox 494 3780 557 3841; x_wconf 89' lang='lat' dir='ltr'><strong>suis</strong></span> <span class='ocrx_word' id='word_1_260' title='bbox 578 3766 776 3851; x_wconf 73' lang='lat' dir='ltr'><strong>satisfacere;</strong></span> <span class='ocrx_word' id='word_1_261' title='bbox 804 3778 858 3840; x_wconf 90' lang='lat' dir='ltr'><strong>sed</strong></span> <span class='ocrx_word' id='word_1_262' title='bbox 879 3778 1006 3840; x_wconf 82' lang='lat' dir='ltr'><strong>decreto</strong></span> <span class='ocrx_word' id='word_1_263' title='bbox 1027 3755 1223 3842; x_wconf 82' lang='lat' dir='ltr'><strong>tribunorum</strong></span> <span class='ocrx_word' id='word_1_264' title='bbox 1245 3777 1335 3838; x_wconf 90' lang='lat' dir='ltr'><strong>debi-</strong></span> 
     </span>
     <span class='ocr_line' id='line_1_29' title="bbox 144 3875 1336 3980; baseline -0.003 -18"><span class='ocrx_word' id='word_1_265' title='bbox 144 3907 208 3962; x_wconf 85' lang='lat' dir='ltr'><strong>tam</strong></span> <span class='ocrx_word' id='word_1_266' title='bbox 228 3901 392 3980; x_wconf 80' lang='lat' dir='ltr'><strong>pec&#39;uniam</strong></span> <span class='ocrx_word' id='word_1_267' title='bbox 413 3905 534 3976; x_wconf 85' lang='lat' dir='ltr'><strong>solvere</strong></span> <span class='ocrx_word' id='word_1_268' title='bbox 555 3909 681 3964; x_wconf 91' lang='lat' dir='ltr'><strong>coactus</strong></span> <span class='ocrx_word' id='word_1_269' title='bbox 703 3875 769 3964; x_wconf 27' lang='lat' dir='ltr'><strong>hest.</strong></span> <span class='ocrx_word' id='word_1_270' title='bbox 811 3901 896 3962; x_wconf 87' lang='lat' dir='ltr'><strong>ldcm</strong></span> <span class='ocrx_word' id='word_1_271' title='bbox 909 3904 944 3978; x_wconf 84' lang='lat' dir='ltr'><strong>&#39;a</strong></span> <span class='ocrx_word' id='word_1_272' title='bbox 972 3895 1081 3961; x_wconf 84' lang='lat' dir='ltr'><strong>Publio</strong></span> <span class='ocrx_word' id='word_1_273' title='bbox 1103 3875 1245 3961; x_wconf 87' lang='lat' dir='ltr'><strong>Cornelio</strong></span> <span class='ocrx_word' id='word_1_274' title='bbox 1268 3899 1336 3960; x_wconf 86' lang='lat' dir='ltr'><strong>Sci-</strong></span> 
     </span>
     <span class='ocr_line' id='line_1_30' title="bbox 144 3993 1335 4103; baseline 0.002 -21"><span class='ocrx_word' id='word_1_275' title='bbox 144 4025 236 4103; x_wconf 88' lang='lat' dir='ltr'><strong>pione</strong></span> <span class='ocrx_word' id='word_1_276' title='bbox 265 3993 428 4084; x_wconf 82' lang='lat' dir='ltr'><strong>accusatus</strong></span> <span class='ocrx_word' id='word_1_277' title='bbox 460 4032 523 4100; x_wconf 89' lang='lat' dir='ltr'><strong>cst,</strong></span> <span class='ocrx_word' id='word_1_278' title='bbox 551 4043 654 4103; x_wconf 85' lang='lat' dir='ltr'><strong>neque</strong></span> <span class='ocrx_word' id='word_1_279' title='bbox 684 4005 747 4084; x_wconf 83' lang='lat' dir='ltr'><strong>tam</strong></span> <span class='ocrx_word' id='word_1_280' title='bbox 772 4001 904 4086; x_wconf 84' lang='lat' dir='ltr'><strong>multum</strong></span> <span class='ocrx_word' id='word_1_281' title='bbox 928 4022 957 4084; x_wconf 89' lang='lat' dir='ltr'><strong>ci</strong></span> <span class='ocrx_word' id='word_1_282' title='bbox 980 4022 1115 4102; x_wconf 84' lang='lat' dir='ltr'><strong>proluit,</strong></span> <span class='ocrx_word' id='word_1_283' title='bbox 1148 4021 1232 4100; x_wconf 87' lang='lat' dir='ltr'><strong>quod</strong></span> <span class='ocrx_word' id='word_1_284' title='bbox 1259 4021 1335 4100; x_wconf 83' lang='lat' dir='ltr'><strong>aQ.</strong></span> 
     </span>
     <span class='ocr_line' id='line_1_31' title="bbox 144 4142 1339 4225; baseline -0.002 -19"><span class='ocrx_word' id='word_1_285' title='bbox 144 4147 267 4208; x_wconf 81' lang='lat' dir='ltr'><strong>ltctello</strong></span> <span class='ocrx_word' id='word_1_286' title='bbox 291 4145 491 4208; x_wconf 87' lang='lat' dir='ltr'><strong>Macedonico</strong></span> <span class='ocrx_word' id='word_1_287' title='bbox 514 4147 661 4210; x_wconf 80' lang='lat' dir='ltr'><strong>detonsus</strong></span> <span class='ocrx_word' id='word_1_288' title='bbox 691 4153 754 4220; x_wconf 92' lang='lat' dir='ltr'><strong>est,</strong></span> <span class='ocrx_word' id='word_1_289' title='bbox 783 4165 874 4225; x_wconf 77' lang='lat' dir='ltr'><strong>quani</strong></span> <span class='ocrx_word' id='word_1_290' title='bbox 895 4142 978 4224; x_wconf 85' lang='lat' dir='ltr'><strong>quod</strong></span> <span class='ocrx_word' id='word_1_291' title='bbox 1006 4145 1118 4205; x_wconf 87' lang='lat' dir='ltr'><strong>eximia</strong></span> <span class='ocrx_word' id='word_1_292' title='bbox 1150 4144 1339 4204; x_wconf 87' lang='lat' dir='ltr'><strong>accusatoris</strong></span> 
     </span>
     <span class='ocr_line' id='line_1_32' title="bbox 145 4237 1336 4346; baseline -0.002 -19"><span class='ocrx_word' id='word_1_293' title='bbox 145 4266 296 4346; x_wconf 86' lang='lat' dir='ltr'><strong>dignitate</strong></span> <span class='ocrx_word' id='word_1_294' title='bbox 315 4285 403 4329; x_wconf 88' lang='lat' dir='ltr'><strong>reum</strong></span> <span class='ocrx_word' id='word_1_295' title='bbox 427 4268 518 4329; x_wconf 90' lang='lat' dir='ltr'><strong>obrui</strong></span> <span class='ocrx_word' id='word_1_296' title='bbox 537 4237 655 4340; x_wconf 85' lang='lat' dir='ltr'><strong>iudices</strong></span> <span class='ocrx_word' id='word_1_297' title='bbox 676 4270 853 4330; x_wconf 89' lang='lat' dir='ltr'><strong>noluerunt.</strong></span> <span class='ocrx_word' id='word_1_298' title='bbox 876 4261 934 4328; x_wconf 56' lang='lat' dir='ltr'><strong>cir,</strong></span> <span class='ocrx_word' id='word_1_299' title='bbox 951 4268 1014 4328; x_wconf 84' lang='lat' dir='ltr'><strong>Cic.</strong></span> <span class='ocrx_word' id='word_1_300' title='bbox 1037 4284 1085 4346; x_wconf 90' lang='lat' dir='ltr'><strong>pr.</strong></span> <span class='ocrx_word' id='word_1_301' title='bbox 1106 4269 1183 4328; x_wconf 87' lang='lat' dir='ltr'><strong>llur.</strong></span> <span class='ocrx_word' id='word_1_302' title='bbox 1201 4267 1248 4327; x_wconf 69' lang='lat'><strong>28.</strong></span> <span class='ocrx_word' id='word_1_303' title='bbox 1266 4265 1336 4326; x_wconf 87' lang='lat' dir='ltr'><strong>Div.</strong></span> 
     </span>
     <span class='ocr_line' id='line_1_33' title="bbox 143 4361 1340 4471; baseline -0.004 -20"><span class='ocrx_word' id='word_1_304' title='bbox 143 4390 176 4451; x_wconf 88' lang='lat' dir='ltr'><strong>in</strong></span> <span class='ocrx_word' id='word_1_305' title='bbox 198 4393 290 4454; x_wconf 84' lang='lat' dir='ltr'><strong>Caco.</strong></span> <span class='ocrx_word' id='word_1_306' title='bbox 313 4392 362 4453; x_wconf 74' lang='lat' dir='ltr'><strong>al.</strong></span> <span class='ocrx_word' id='word_1_307' title='bbox 388 4394 474 4454; x_wconf 87' lang='lat' dir='ltr'><strong>Brut.</strong></span> <span class='ocrx_word' id='word_1_308' title='bbox 497 4391 545 4454; x_wconf 75' lang='lat' dir='ltr'><strong>al.</strong></span> <span class='ocrx_word' id='word_1_309' title='bbox 578 4394 641 4454; x_wconf 87' lang='lat' dir='ltr'><strong>lam</strong></span> <span class='ocrx_word' id='word_1_310' title='bbox 663 4361 764 4455; x_wconf 84' lang='lat' dir='ltr'><strong>antea</strong></span> <span class='ocrx_word' id='word_1_311' title='bbox 775 4391 878 4471; x_wconf 89' lang='lat' dir='ltr'><strong>Scipio</strong></span> <span class='ocrx_word' id='word_1_312' title='bbox 899 4389 1033 4452; x_wconf 88' lang='lat' dir='ltr'><strong>eundem</strong></span> <span class='ocrx_word' id='word_1_313' title='bbox 1053 4388 1234 4463; x_wconf 80' lang='lat' dir='ltr'><strong>offenderat,</strong></span> <span class='ocrx_word' id='word_1_314' title='bbox 1256 4386 1340 4466; x_wconf 88' lang='lat' dir='ltr'><strong>quod</strong></span> 
     </span>
    </p>
   </div>
   <div class='ocr_carea' id='block_1_3' title="bbox 0 0 1643 5138">
    <p class='ocr_par' dir='ltr' id='par_1_3' title="bbox 0 0 1643 5138">
     <span class='ocr_line' id='line_1_34' title="bbox 0 0 1643 5138; baseline 0 0"><span class='ocrx_word' id='word_1_315' title='bbox 0 0 1643 5138; x_wconf 95' lang='lat' dir='ltr'><strong> </strong></span> 
     </span>
    </p>
   </div>
  </div>
 </body>
</html>
