3254 5124
264 381 312 426 m
461 361 513 422 nn
528 353 775 423 smeunoauu
792 351 989 417 arenosum
1007 349 1265 442 saeuamuru.

264 507 466 594 disponendis
485 513 518 572 et
539 503 784 588 interpretandis
803 499 986 584 fragmentis
1003 500 1101 564 'lande
1121 498 1251 580 dignum
1269 497 1392 574 iudico,
1413 500 1458 568 its

265 650 328 697 non
354 631 394 694 ad
423 630 492 695 eius
518 621 695 710 exemplum
724 643 838 688 novum
868 621 1114 706 fragmentorum
1134 621 1277 684 ordinem
1294 619 1459 696 instituere

265 755 360 818 volni.
402 751 551 831 Quamvis
571 749 725 814 animilia
745 747 894 813 nonnulla
914 745 1024 810 melius
1038 745 1200 819 ordinarit,
1224 745 1258 806 in
1277 745 1369 825 longe
1389 743 1461 823 plu·

266 877 352 938 rimis
376 875 509 938 fluctuat
533 871 699 948 iudicium,
730 869 819 934 etin
846 875 1011 948 utramque
1038 874 1160 948 partem
1191 865 1350 948 disputare
1371 865 1459 928 licet.

266 998 372 1076 Quare
393 995 504 1058 melius
521 1011 590 1058 esse
610 991 706 1067 duxi,
730 989 872 1055 ordinem
889 991 942 1062 vel
958 991 1067 1072 petius
1088 987 1302 1060 confusionem
1322 989 1460 1060 omnium

267 1117 422 1193 locorum,
444 1132 524 1196 quae
548 1113 651 1178 adhuc
671 1115 798 1196 vulgata
818 1120 896 1188 erat,
920 1113 1058 1176 retinere
1071 1127 1164 1192 quam
1178 1125 1290 1176 navam
1303 1109 1460 1190 quandam

269 1239 501 1320 dispositionem
527 1237 702 1311 instituere,
729 1237 762 1300 io
781 1251 842 1316 qua
864 1242 895 1298 et
921 1236 988 1316 ipsa
1015 1237 1111 1298 multa
1137 1251 1249 1316 parum
1274 1232 1460 1314 probabilia,

267 1353 406 1436 incerta,
428 1360 506 1424 falsa
527 1374 594 1422 esee
615 1358 708 1428 facile
728 1359 838 1439 aliquis
860 1359 1012 1421 docuerit.

345 1486 392 1545 De
409 1484 478 1563 ipso
492 1481 606 1544 itinere
626 1480 723 1542 multa
744 1480 824 1574 satis
838 1477 1011 1560 probabilia
1027 1479 1192 1560 Vargesius
1206 1478 1358 1560 esposuit,
1379 1495 1463 1560 quae

269 1604 448 1671 exscribere
475 1602 619 1684 putidum
644 1608 702 1666 est.
743 1603 781 1664 lit
811 1601 946 1682 primum
973 1599 1099 1684 quidem
1127 1600 1166 1664 de
1193 1601 1322 1664 oonsilio
1351 1617 1460 1663 verum

269 1725 383 1793 vidisse
411 1727 553 1810 videtur,
591 1723 675 1806 qued
702 1724 798 1786 animi
826 1739 920 1786 causa
949 1723 1102 1800 Lucilium
1131 1723 1364 1808 peregrinatum
1394 1741 1463 1786 csse

267 1851 421 1914 statuerit.
463 1849 525 1912 Etsi
555 1849 638 1912 enim
658 1843 761 1924 mores
787 1845 869 1910 illius
889 1847 1000 1921 aetatis
1019 1848 1151 1910 multum
1178 1846 1219 1910 ab
1247 1845 1285 1908 iis
1313 1843 1464 1910 abhorre·

267 1973 363 2044 bant,
387 1987 464 2049 quos
483 1963 602 2032 Seneca
622 1969 662 2032 de
683 1956 909 2050 tranquillitate
929 1969 1025 2031 animi
1044 1968 1149 2030 11.tf.
1168 1967 1333 2043 describit,
1358 1973 1463 2044 umeri

268 2089 424 2170 Romanos
448 2093 531 2155 ruris
552 2092 795 2183 amantissimos,
828 2092 888 2154 boe
911 2090 945 2153 in
966 2091 1086 2154 deliciis
1109 2087 1255 2155 habuisse
1275 2095 1463 2176 putaverim,

267 2211 303 2279 ut
318 2231 385 2278 non
405 2211 498 2310 modo
517 2195 551 2277 in
570 2215 639 2302 Asia
660 2220 693 2278 et
715 2209 846 2276 Graecia
866 2215 1161 2296 peregrinarentur,
1177 2215 1249 2281 *sed
1278 2215 1379 2298 ipsam
1403 2220 1464 2280 {tea

268 2337 341 2400 liam
360 2329 592 2422 peragrarent
616 2338 724 2416 Neque
742 2336 843 2418 magis
859 2335 1025 2424 Campania
1046 2337 1138 2416 quam
1158 2336 1272 2418 Bruttii
1292 2345 1325 2400 et
1340 2341 1464 2403 ..Lucani

269 2460 367 2520 saltus
383 2436 495 2521 studia
518 2431 680 2521 homiuum
707 2453 907 2531 e'xcitabant3
936 2459 994 2520 cir.
1015 2459 1089 2536 Hor.
1114 2461 1144 2521 S.
1167 2459 1191 2522 Ι.
1212 2460 1242 2523 6.
1267 2461 1332 2524 fbf.
1363 2464 1395 2522 G.
1422 2465 1462 2533 li,

271 2581 318 2644 id.
342 2582 390 2644 ta.
418 2582 493 2662 quid
519 2589 620 2646 terras
646 2583 870 2646 aliocalentes
890 2582 954 2644 sole
982 2584 1160 2645 mutamus?
1198 2583 1260 2646 Sed
1282 2582 1350 2644 falsi
1376 2590 1460 2660 sunt,

269 2705 322 2785 qui
342 2706 573 2782 Luciliumiter
593 2705 726 2787 pedibus
745 2706 920 2788 ingressum
939 2706 1067 2786 uolunt,
1092 2711 1124 2767 et
1144 2705 1184 2795 ad
1205 2706 1289 2770 bano
1307 2713 1373 2768 rem
1387 2723 1463 2770 con-

269 2797 453 2893 firmandam
468 2827 616 2890 Catonem
630 2804 724 2898 iilum
738 2823 887 2906 ueterem¹
897 2826 1038 2890 laudant.
1072 2828 1136 2902 Etsi
1149 2828 1232 2896 anim
1251 2826 1335 2895 illius
1348 2829 1466 2894 dictum

269 2950 416 3012 laudetur
440 2949 569 3028 patlibus
599 2917 791 3029 compensari
816 2949 990 3029 pecunioso.
1021 2949 1090 3030 v(iic.
1105 2968 1179 3030 pro
1211 2949 1323 3015 Flacco
1340 2952 1403 3016 29.-
1433 2956 1467 3016 et

198 3077 200 3081 ’
271 3067 460 3132 Plutarchus
480 3063 590 3132 auctor
610 3076 673 3144 est,
700 3085 771 3131 cum
794 3069 928 3150 pedibus
948 3072 1046 3133 multa
1065 3072 1178 3135 itinera
1199 3073 1382 3148 confecisse,
1406 3074 1464 3139 cfr.

271 3209 304 3286 ο.
323 3191 351 3252 i.
384 3191 420 3257 dv
445 3185 484 3258 da
508 3189 583 3272 ταῖς
598 3191 771 3282 πορείαις
792 3190 896 3273 αὐτὸς
916 3190 1051 3276 ἐβάδιζε
1068 3193 1186 3282 φέρων
1207 3193 1246 3260 τὰ
1267 3191 1375 3274 ὅπλα,
1405 3196 1466 3262 καὶ
1519 3189 1521 3195 ’

270 3307 436 3397 θεράπων
464 3314 514 3394 εἵς
539 3311 651 3380 eistete
678 3313 719 3380 τὰ
746 3310 837 3399 πρὸς
864 3311 998 3384 δίαιταν
1017 3316 1119 3383 αὐτώ.
1133 3316 1358 3400 κομίζον-οἷο.
1374 3337 1408 3396 c.
1430 3321 1461 3382 ii.

267 3434 450 3520 Ἑπεφοίτα
470 3431 508 3502 di
535 3435 613 3519 τοῖς
630 3437 792 3516 πόλεσιν,
823 3438 926 3520 αὐτος
949 3411 1015 3526 μὲν
1040 3438 1128 3507 ἄνευ·
1151 3438 1293 3524 ζεύγους
1320 3441 1466 3526 πορεύο-

270 3581 390 3644 μενος,
410 3563 460 3641 εἵς
479 3557 517 3626 δὲ
539 3561 729 3646 ἠκολούθει
748 3559 919 3648 δημόσιος
937 3562 1071 3648 ἐσθῆτα
1093 3561 1162 3632 aab
1174 3535 1353 3635 ονοονδεῖον
1372 3563 1471 3628 αὐτῶ·

270 3681 360 3763 πρὸς
381 3681 579 3767 ἱερουργίαν
599 3680 747 3766 κομίζων
767 3705 799 3748 κ.
813 3705 838 3748 t.
854 3688 885 3749 λ.
917 3686 991 3772 ipse
1006 3693 1110 3764 tamen
1131 3687 1249 3752 Seneca
1261 3687 1331 3753 iam
1346 3685 1415 3764 ,hoc
1432 3688 1467 3750 im

251 3797 390 3868 *summa
417 3778 604 3884 frugalitatis
631 3805 723 3867 laude
753 3807 859 3886 ponit,
887 3807 971 3888 qued
994 3809 1049 3880 iile
1074 3809 1214 3872 canterio
1240 3809 1415 3880 vehebatur
1433 3813 1481 3872 et·

271 3923 453 4006 hippoperis
472 3926 598 4006 quidem
617 3928 800 4026 impositis,v
816 3936 851 3992 ut
871 3949 978 3994 secum
1001 3930 1087 3995 utilia
1107 3938 1248 4011 portaret
1267 3931 1324 3994 cfr.
1341 3934 1468 4002 *Seneca

272 4047 329 4132 ap,
351 4050 400 4110 87.
430 4047 469 4111 ad
496 4067 589 4130 quem
614 4052 742 4132 quidem
763 4071 881 4130 morem
906 4073 941 4117 se
964 4072 1088 4135 qnoque
1109 4056 1169 4117 iter
1192 4028 1297 4120 facere
1317 4054 1467 4124 iloratius

272 4169 427 4250 signifieat
451 4171 528 4250 s,.1.
551 4161 667 4236 e‘.r0t.
701 4177 821 4251 „Nune
851 4177 1037 4240 mihiourto
1061 4180 1109 4262 ine
1135 4179 1211 4242 licet
1233 4179 1316 4240 mulo
1345 4178 1412 4252 vel,
1440 4177 1467 4240 si

272 4291 367 4372 libet,
394 4311 493 4377 usque
512 4297 699 4380 Tarentum,
726 4297 863 4367 mantica
889 4300 941 4366 cui
966 4300 1088 4366 lumbos
1113 4312 1208 4384 docte
1231 4301 1355 4372 ulceret
1371 4301 1467 4384 atque
