3250 5136
623 427 673 484 DE
691 425 850 486 LUClLIO.
1282 419 1329 474 121

230 596 292 640 una
326 575 449 658 syllaba
483 575 563 636 fiat:
603 580 707 638 celera
746 593 805 655 per
839 593 856 634 e
889 571 1080 635 scribuntur.
1130 569 1199 630 Hoc
1231 566 1330 627 Lucio

230 691 261 772 (l.
284 688 568 772 Luciliol-quoque
588 689 722 751 videtur.

280 851 567 931 Pseudo-Asconius
587 851 740 910 Pedianus
754 853 793 910 'iu
814 851 884 910 Diu.
906 865 938 926 p.
956 847 1010 908 116
1042 849 1099 908 uu.
1121 847 1204 906 Bait.

153 973 201 1033 70.
230 953 426 1053 lucipiehant
446 976 550 1032 autem
573 970 703 1033 Veteres
725 1005 759 1018 -
785 977 839 1032 aut
861 973 901 1032 ab
925 970 1127 1032 invocatione
1149 968 1279 1027 deorum
1296 999 1331 1010 -

223 1091 282 1149 aut
302 1084 550 1167 reprehensione
572 1085 745 1167 superioris
768 1086 936 1166 temporis,
958 1089 991 1145 ul
1013 1084 1056 1146 ait
1075 1082 1236 1144 Lucilius:
1259 1079 1333 1141 Vel-

229 1201 291 1262 lem
316 1219 387 1262 cum
406 1199 515 1280 primis
537 1205 597 1262 etc.
622 1200 678 1261 cfr.
701 1199 736 1260 L.
763 1201 790 1260 1.
812 1199 850 1261 lr.
874 1200 903 1260 2.

449 1354 514 1412 Vct.
537 1353 652 1430 luterp.
677 1353 717 1412 01
738 1351 813 1412 Hor.
835 1352 866 1412 S.
883 1352 910 1411 1.
928 1351 973 1412 10.
988 1351 1037 1412 50.

153 1478 201 1537 71.
228 1478 282 1538 Ν11
301 1477 393 1538 umis
415 1475 536 1553 Trcpici
554 1483 652 1536 usitat
672 1474 810 1536 Lucilius
833 1474 919 1536 Goni.

230 1590 337 1679 Cernis
358 1596 463 1652 autern
489 1589 628 1651 Lucilius
656 1595 786 1670 propter
806 1589 1018 1652 urbanitatem
1041 1580 1155 1650 dicitur
1183 1594 1213 1650 et
1235 1591 1334 1668 mutat

228 1724 286 1786 pro
311 1723 366 1776 eo,
399 1677 485 1785 quod
514 1703 661 1765 emendat
688 1702 827 1783 positum
856 1707 923 1763 est:
954 1703 1030 1765 facit
1055 1709 1161 1766 autem
1192 1701 1333 1764 Lucilius

229 1837 299 1879 curn
320 1818 416 1891 alias,
439 1823 505 1879 tum
525 1818 576 1878 vel
596 1818 628 1878 in
652 1817 745 1878 tertio
767 1817 848 1878 libro
869 1821 901 1879 et
920 1835 1005 1878 nono
1031 1824 1062 1878 et
1083 1817 1218 1878 decimo.

447 1986 542 2045 Laur.
565 1985 639 2064 Lyd.
663 1986 800 2064 Mupisir.
823 1986 859 2044 P.
882 1987 918 2045 R.
945 1985 1040 2045 111.

151 2111 199 2170 72.
227 2105 362 2172 -Ptusuu
384 2103 584 2194 ἑξαμέτροις
613 2105 744 2188 ἔγραψε
770 2105 831 2189 τὴν
860 2103 1042 2189 κωμωὸἱαν
1072 2099 1110 2186 ἐξ
1130 2095 1171 2170 οὗ
1198 2105 1332 2185 πρῶτος

194 2311 196 2318 Α
229 2221 343 2302 λαβὼν
357 2220 417 2302 τὰς
432 2219 597 2308 ἀφορμὰς
613 2221 800 2300 Λουκίλιος
815 2219 833 2287 ὁ
852 2220 1010 2304 Ρωμαῖος
1031 2218 1195 2303 ἡρωικοῖς
1220 2217 1335 2284 'e'ueocu

175 2370 177 2380 =
229 2334 448 2422 ἐκωμωὸησε·
477 2335 557 2422 μεθ’
589 2333 627 2403 ὅν
652 2336 712 2401 καὶ
742 2335 822 2417 τοὺς
852 2333 924 2417 μετ’
948 2334 1067 2410 αὐτὸν,
1097 2323 1159 2414 οὖς
1187 2331 1333 2398 καλοῦσι

230 2452 382 2538 Ρωμαῖοι
402 2449 627 2533 σάτυρικοὺς,
649 2476 681 2518 κ.
696 2476 722 2517 c.
737 2455 767 2515 1.

514 2608 615 2665 Varro
635 2606 670 2665 cle
691 2606 727 2664 li.
743 2605 780 2663 R.
796 2604 859 2662 lll.
876 2603 905 2662 1.
922 2604 968 2662 17.

153 2727 201 2786 73.
231 2727 342 2787 Nonne
368 2727 443 2787 item
475 2725 510 2784 L.
533 2724 698 2800 Albutius,
725 2722 822 2785 horno
848 2725 894 2802 (ut
922 2721 1018 2806 scitis)
1048 2724 1190 2803 apprime
1212 2722 1335 2793 doctus,

230 2840 320 2901 culus
346 2839 507 2900 Luciliano
537 2838 720 2908 charactere
749 2843 823 2899 sunt
849 2837 965 2911 libelli,
995 2837 1123 2898 (licebat
1151 2837 1183 2898 in
1211 2836 1335 2896 Albano

227 2952 359 3015 fundum
381 2971 472 3014 suum
494 2953 693 3033 pastionibus
714 2957 840 3033 semper
859 2951 942 3014 vinci
967 2970 985 3013 a
1008 2951 1107 3012 villa?

558 3108 658 3167 Varro
679 3107 714 3167 L.
729 3107 764 3166 L.
783 3108 819 3165 V.
836 3109 861 3182 g.
880 3107 926 3165 17.

153 3232 201 3293 ll.
231 3201 510 3313 10111111)ᾱηὶῑο
539 3227 694 3290 divisione
725 3228 866 3288 Lucilius
896 3247 1025 3288 suorum
1052 3229 1144 3288 unius
1173 3233 1203 3286 et
1230 3195 1335 3307 uiginti

229 3348 381 3408 librorum
402 3345 528 3407 initium
545 3343 721 3416 fecithoc:

231 3460 375 3523 Aetheris
397 3465 427 3520 et
447 3465 550 3520 terrae
572 3457 765 3538 genitabilae
786 3477 941 3540 quaerere
964 3464 1086 3538 tempus

231 3575 293 3636 Sed
314 3574 414 3635 Codd.
437 3573 605 3634 Lucretius.
629 3572 712 3634 Scal.
739 3573 822 3635 coni.
847 3571 994 3632 Lucilius.

571 3728 671 3786 Varro
691 3726 726 3783 L.
744 3725 777 3783 L.
795 3726 832 3784 V.
849 3724 915 3784 158.

155 3851 202 3910 75.
232 3848 332 3910 Pilum
358 3847 444 3929 quod
465 3867 503 3908 eo
523 3848 571 3910 lar
591 3847 741 3929 pinsunt;
763 3865 859 3929 aquo
873 3847 928 3907 ubi
951 3845 1055 3919 11111,
1079 3846 1209 3918 dicitnr,
1235 3847 1340 3927 pistri-

231 3949 306 4026 num
327 3963 361 4044 (L
384 3970 415 4023 et
435 3962 454 4023 S
477 3981 572 4042 saepe
593 3963 675 4024 inter
697 3981 731 4022 se
752 3961 857 4023 locum
873 3959 1089 4042 commutant).
1114 3960 1189 4021 lnde
1214 3969 1285 4042 post
1305 3962 1337 4022 in

231 4078 310 4140 urbe
333 4075 447 4140 Lucilii
470 4079 602 4156 pistrino
627 4083 658 4138 et
677 4076 799 4158 pistrix.
1275 4079 1278 4086 '

433 4231 538 4292 Velius
559 4229 678 4308 Loupus
699 4227 913 4309 1111111.
937 4229 1059 4290 Pulsch.
1152 4293 1154 4300 ,

157 4353 205 4414 71.
233 4353 296 4416 Nec
320 4354 412 4416 aliter
432 4353 517 4434 apud
540 4350 697 4414 Lucilium
720 4353 836 4436 legitur
856 4353 888 4415 in
909 4352 1146 4433 praepositione
1171 4352 1239 4412 Por.
