3250 5136
606 431 656 488 DE
673 430 833 490 Lucilio.
1282 430 1331 486 lta

229 595 302 638 nam
326 583 358 639 ot
377 577 580 658 asperitatem
602 577 716 650 babet,
738 577 866 653 qualem
890 577 1063 650 Lucrnrus3
1091 581 1122 636 et
1144 573 1330 638 suavitatem

230 691 356 773 qualem
385 690 555 756 luvenalis.
595 695 636 758 At
666 692 832 758 sciendum
850 698 956 754 tamen
980 690 1134 773 estquod
1158 688 1332 754 Satirarum

230 823 357 868 carmen
380 805 482 886 primo
504 805 645 869 omnium
669 812 798 877 auctore
819 807 952 868 Lucmro
977 807 1018 866 sit
1036 810 1213 886 repertum,
1235 805 1330 867 otiam

229 919 365 1000 ipsomet
383 919 515 982 Horatio
535 926 626 982 teste.

271 1161 275 1168 ἱ
596 1089 717 1149 Petroo.
740 1089 833 1150 Satis.
855 1091 883 1150 b.

153 1209 200 1270 57.
230 1209 317 1294 Nunc
338 1210 428 1291 pueri
452 1209 582 1283 ludunt,
607 1211 736 1273 iuvenes
750 1209 893 1272 ridentur
908 1210 941 1272 in
959 1210 1045 1282 foro,
1069 1215 1115 1282 et,
1139 1209 1225 1292 quod
1245 1215 1331 1270 utro-

228 1343 290 1406 que
313 1324 435 1408 turpius
457 1331 521 1398 est,
543 1325 628 1408 quod
650 1327 785 1407 quisque
806 1344 885 1406 puer
897 1326 960 1387 iam
982 1325 1093 1400 discit,
1115 1327 1146 1388 in
1168 1330 1330 1386 senectute

230 1439 371 1516 confiteri
395 1457 460 1502 non
483 1439 559 1501 vult.
600 1439 663 1501 Sed
685 1457 727 1501 ne
750 1459 801 1502 me
821 1447 913 1522 putes
941 1440 1140 1521 improbasse
1164 1439 1329 1503 schedium

227 1554 412 1624 Lucilianae
432 1551 659 1635 improbitatis,
687 1555 773 1636 quod
794 1554 897 1617 sentio
921 1560 953 1617 et
980 1553 1050 1636 ipso
1080 1554 1219 1618 carmine
1242 1553 1331 1616 effin-

227 1687 309 1751 gam.

608 1792 656 1849 lic
677 1790 778 1851 Persii
796 1792 869 1851 cito.

151 1937 199 1998 58.
229 1937 303 1997 Mox
323 1943 358 1998 ut
378 1955 396 1997 a
416 1936 526 1998 schola
547 1944 578 1997 et
599 1937 757 2018 magistris
779 1936 919 2010 divertit,
941 1937 1025 1998 lecto
1044 1937 1159 1998 Lucilii
1180 1937 1262 1999 libro
1277 1937 1332 1998 de-

227 2049 326 2126 cimo,
355 2052 558 2116 vehementer
585 2051 704 2113 Satiras
732 2070 925 2133 componere
952 2051 1082 2113 studuit.
1130 2051 1228 2113 Cuius
1257 2051 1331 2115 libri

225 2165 349 2228 initium
369 2167 508 2231 imitatus
529 2173 593 2241 est,
618 2168 680 2230 sibi
701 2167 803 2248 primo
827 2186 902 2229 mox
925 2167 1072 2230 omnibus
1087 2167 1329 2238 detrectaturus,

226 2300 297 2342 cum
325 2288 411 2344 tanta
438 2283 650 2345 recentiorum
680 2289 845 2363 poetarum
872 2289 903 2366 et
932 2289 1092 2344 oratorum
1121 2281 1330 2346 insectatione

224 2401 260 2460 ut
290 2395 384 2458 ctiam
411 2397 568 2460 Neronem
596 2398 781 2478 culpaverit.
811 2397 866 2460 cir.
891 2399 929 2458 Α.
954 2397 1051 2458 Persii
1073 2397 1181 2460 Flacci
1203 2399 1266 2462 vita
1292 2398 1330 2460 de

229 2511 463 2576 Commentario
486 2512 581 2574 Probi
602 2511 721 2574 Valerii
742 2511 867 2573 sublata
888 2533 919 2593 p.
934 2511 1003 2574 238.
1024 2512 1084 2574 Ed.
1107 2513 1145 2576 0.
1167 2514 1256 2578 labn.

407 2679 497 2738 Vetas
518 2677 688 2740 Scholiasta
708 2678 749 2737 od
766 2666 854 2737 Pers.
876 2679 940 2739 Sat.
956 2678 1019 2738 111.
1038 2681 1064 2740 l.

147 2821 195 2882 59.
224 2821 314 2882 Hanc
334 2822 463 2882 satiram
484 2827 580 2903 poeta
597 2839 640 2896 ¹err
661 2820 775 2884 Lucilii
796 2823 853 2885 lib.
869 2823 921 2883 lv.
943 2823 1118 2898 transtulit,
1144 2824 1326 2906 castigantis

224 2934 381 2999 luxuriam
406 2935 537 2998 divitum
561 2942 593 2998 et
612 2936 697 3002 vitia.

462 3105 644 3165 Censorinus
664 3106 700 3166 do
722 3107 781 3166 dic.
805 3109 914 3168 natali.
936 3127 961 3169 o.
984 3109 1013 3169 5.

147 3249 196 3311 66.
225 3249 375 3312 Euclides
397 3255 502 3312 autem
529 3251 708 3313 Socraticus
730 3253 889 3334 duplicem
913 3255 1060 3318 omnibus
1084 3257 1213 3318 omnino
1235 3256 1328 3318 nobis

224 3365 357 3430 Genium
379 3365 456 3427 dicit
479 3366 669 3447 appositum.
693 3385 789 3450 quam
809 3388 875 3429 rem
903 3362 988 3450 apud
1011 3369 1168 3433 Lucilium
1189 3370 1222 3430 in
1244 3369 1328 3430 libro

222 3481 393 3545 Satirarum
417 3479 500 3542 XVI.
523 3480 597 3542 licet
618 3499 823 3564 cognoscere.

535 3657 600 3718 Ter.
625 3629 769 3720 Scauros.
789 3675 822 3736 p.
845 3659 930 3719 2955.

145 3799 193 3862 61.
221 3797 298 3860 ltem
320 3799 406 3882 quod
429 3801 568 3864 Lucilius
592 3803 646 3864 ubi
674 3805 685 3862 i
711 3803 794 3865 exile
822 3811 885 3877 ost,
908 3824 966 3885 per
989 3823 1023 3866 se
1044 3806 1132 3867 iubet
1152 3805 1267 3878 scribi,
1292 3813 1324 3868 at

224 3913 277 3973 ubi
299 3913 429 3994 plenum
451 3921 508 3987 est,
536 3919 798 3999 praeponendum
820 3937 890 3980 esse
915 3939 928 3980 e
950 3919 1060 3982 credit.

560 4100 735 4180 Hieronym.
757 4103 835 4182 app.
858 4104 906 4164 1⁸7.

144 4243 192 4304 62.
222 4244 278 4304 Ubi
299 4244 356 4306 illa
379 4244 541 4326 quondam
565 4249 761 4320 constantia,
788 4249 820 4311 in
844 4269 906 4331 qua
927 4250 1026 4312 multo
1049 4251 1115 4312 sale
1140 4251 1249 4312 orbem
1274 4252 1328 4312 de-

219 4356 354 4431 fricans,
377 4358 580 4422 Lucilianum
600 4362 763 4444 quippiam
783 4364 942 4426 rettulisti.
