3290 5130
293 416 349 458 eurr
793 392 984 450 annuunt.

371 545 607 618 „Fortunatust
636 540 777 600 Vmeemi
796 540 966 617 Hispaniae
989 538 1088 616 surgit
1106 537 1144 596 ab
1165 555 1234 598 arce
1253 537 1352 598 decus.
1389 539 1483 601 Cuius

294 665 415 729 scansio
437 679 546 725 versus
565 679 638 742 pars
657 669 705 722 est
724 661 874 740 praelati,
901 661 958 722 nisi
979 659 1059 720 iorte
1087 659 1226 737 regulam
1252 657 1361 722 Lucilii
1381 661 1482 722 secuti

296 793 382 861 sunt,
405 785 458 864 quii
471 786 611 846 Laelium
624 791 656 846 et
669 784 910 870 Aemiliumetc.
927 783 1068 856 nomina,
1090 797 1170 860 quae
1187 783 1199 840 i
1219 787 1291 844 ante
1311 801 1332 842 a
1352 781 1479 858 habent,

294 928 360 972 non
385 909 482 970 solum
508 909 540 967 io
566 906 707 968 vocativo
734 904 789 967 sed
816 905 908 966 etiam
932 906 965 965 in
990 905 1126 984 genitivo
1156 920 1230 966 casu
1260 921 1317 982 per
1347 906 1482 966 unum'i

295 1029 390 1093 scribi
410 1047 500 1109 posse
521 1029 697 1090 existimant
716 1027 851 1107 Beda-p.
866 1027 953 1090 2575.
974 1030 1009 1088 P.

372 1153 438 1214 Lib.
461 1153 570 1212 xxix.
588 1151 631 1211 ir.
650 1153 677 1211 l.
701 1151 740 1211 ll.
764 1152 797 1210 Ρ.
819 1151 948 1211 Diibner
973 1151 1093 1228 (Revne
1111 1149 1152 1211 de
1171 1149 1251 1210 Phil.
1273 1167 1305 1228 p.
1320 1149 1369 1210 22.
1395 1150 1482 1211 Paris

298 1274 400 1352 lert.)
419 1291 438 1336 e
460 1273 573 1334 Codice
593 1271 759 1360 admodum
779 1274 899 1333 recenti
920 1272 962 1334 ita
983 1271 1161 1333 emendavit
1181 1279 1213 1333 ct
1232 1272 1403 1351 supplevit:

414 1381 415 1386 ἵ
448 1395 641 1457 Privabit'-
664 1395 728 1474 igni
748 1412 818 1454 cum
839 1401 871 1456 et
891 1411 971 1472 aqua
989 1393 1187 1454 interdixerit

449 1519 518 1578 'Duo
535 1517 632 1578 habet
653 1515 817 1601 aroegei’:
840 1516 976 1578 adiuerit
996 1495 1104 1578 anima
1119 1523 1151 1578 et
1170 1529 1311 1596 corpore.
1365 1545 1368 1550 ·

298 1641 357 1725 (γῆ
377 1658 506 1718 corpus,
537 1640 638 1700 anima
661 1646 708 1702 est
733 1637 887 1723 πνεῦμα)
914 1623 1142 1701 Posterioribus
1169 1638 1369 1724 στοιχείοις,
1396 1638 1422 1699 si
1447 1636 1483 1700 id

296 1764 457 1836 maluerit,
480 1761 619 1842 privabit
638 1769 753 1822 tamen.

374 1885 440 1946 Lib.
458 1887 494 1945 V.
521 1885 561 1945 fr.
582 1885 610 1946 9.
643 1883 727 1945 hune
756 1901 879 1945 versum
908 1885 986 1964 Ang.
1013 1885 1073 1945 llai
1099 1885 1189 1944 Auct.
1212 1883 1335 1944 Classic.
1362 1885 1398 1944 Τ.
1416 1883 1481 1943 Vll.

296 2027 327 2086 p.
344 2009 411 2078 298.
435 2025 453 2066 e
473 2015 580 2068 vetere
595 2007 770 2081 ¹comment.
794 2005 833 2065 ad
853 2007 940 2084 Virg.
956 2007 1034 2067 Vlll.
1056 2025 1086 2068 v.
1104 2005 1169 2067 tud.
1191 2007 1233 2066 lta
1258 2003 1412 2084 supplevit
1425 2019 1445 2062 z·

449 2128 755 2206 Admerqetaortmae
776 2133 807 2186 et
828 2126 915 2188 diros
935 2133 1006 2186 ture
1025 2144 1191 2204 precemur
1216 2166 1220 2172 ,

297 2268 430 2328 eumque
455 2267 579 2311 versum
605 2249 734 2309 Luvinio
764 2255 876 2327 poetae
906 2247 1063 2321 attribuit,'
1096 2249 1184 2308 euius
1209 2247 1245 2309 lit
1263 2251 1380 2310 mendo
1400 2249 1484 2328 apud

296 2371 480 2432 Martianum
501 2370 657 2447 capellam
679 2368 745 2429 Lib.
760 2371 811 2429 lll.
852 2369 913 2429 Sed
935 2385 1006 2429 cum
1029 2368 1148 2445 reliqna
1171 2370 1268 2429 verba
1286 2372 1385 2431 Nonio
1405 2377 1485 2432 teste

298 2491 405 2552 Lucilii
426 2491 500 2564 sint,
529 2491 642 2550 Maium
667 2497 721 2550 aut
746 2489 922 2556 litterarum
940 2491 1053 2550 ductus
1073 2507 1135 2550 non
1161 2490 1235 2550 satis
1259 2498 1350 2552 acute
1370 2492 1486 2556 vidisse

298 2621 351 2674 aut
371 2613 533 2676 librarium
554 2629 673 2674 errasse
693 2612 879 2692 putaverim.

375 2735 441 2796 Lib.
458 2737 537 2797 Vlll.
560 2735 599 2797 ir.
615 2737 662 2826 lt.
691 2736 750 2796 hoc
771 2735 979 2814 fragmentum
997 2734 1141 2796 Nicolaus
1167 2735 1286 2796 Perotti
1308 2736 1483 2816 Cornucop.

298 2859 362 2918 Col.
383 2858 452 2919 997.
476 2868 521 2918 ve.
539 2857 570 2918 6.
591 2857 635 2917 ita
654 2857 812 2918 laudavit:
841 2857 968 2935 Giperia
988 2866 1059 2917 suat
1077 2858 1143 2917 sime
1163 2859 1240 2931 aleo,
1262 2859 1310 2920 his
1329 2875 1487 2919 vescamur

298 2980 454 3039 alacriter.
486 2994 567 3055 quae
601 2977 684 3038 unde
712 2975 868 3051 hauserit,
898 2996 971 3038 num
1000 2977 1133 3040 eundem
1163 2981 1266 3040 locum
1297 2977 1486 3041 intellexerit

297 3114 407 3176 perum
427 3098 543 3176 liquet3
564 3115 644 3177 quae
664 3097 789 3177 quidem
810 3099 954 3180 conpetio
976 3103 1107 3180 accepta
1126 3101 1241 3163 refero:

373 3217 442 3280 lib.
457 3222 552 3281 XVll.
568 3221 608 3282 ir.
625 3223 653 3282 l.
675 3221 718 3282 ita
735 3221 844 3282 scribit
857 3223 953 3283 Maur.
969 3223 1083 3302 llaupt.
1098 3221 1292 3304 Philologus,
1308 3220 1486 3284 zeitschrift

296 3341 349 3402 fiir
370 3342 425 3404 das
444 3341 613 3406 llassiscbe
638 3341 830 3418 Alterthum,
851 3342 1078 3428 herausgegeb.
1096 3364 1125 3408 v.
1141 3347 1173 3407 ll.
1189 3347 1240 3408 W.
1256 3343 1483 3408 Schneidewin.

297 3465 375 3526 urst.
396 3464 504 3546 lahrg.
528 3467 601 3528 licit
621 3469 642 3527 1.
664 3467 897 3529 Mucccxuvr.
923 3486 955 3547 p.
972 3468 1030 3529 liii
1041 3485 1108 3547 sqq.
1217 3499 1222 3508 ·

449 3589 528 3650 Num
551 3606 660 3650 censes
682 3587 963 3675 καλλίπλοκαμον
983 3586 1222 3671 καλλίσφυρον
1243 3589 1337 3650 ullam

450 3709 517 3768 Non
538 3709 656 3769 licitum
677 3727 745 3772 esse
765 3717 888 3773 uterum
910 3719 1003 3791 atque
1023 3713 1116 3772 etiam
1135 3711 1263 3792 inguina
1280 3709 1413 3792 'tangere

952 3834 1117 3895 mammis?
1238 3840 1243 3849 ’

449 3955 531 4032 Tyro
551 3956 762 4034 eupatereiam
782 3956 916 4036 aliquam
934 3974 1002 4017 rem
1019 3957 1172 4036 insignem
1191 3955 1352 4031 habuisse,

452 4075 638 4152 verrucam,
661 4096 794 4141 naevum
814 4081 949 4157 pictum,
972 4077 1097 4141 dentem
1118 4081 1288 4142 eminulum
1311 4079 1430 4140 unum?

452 4197 656 4276 compernem
678 4207 732 4272 sut
748 4217 854 4262 varam
875 4200 974 4262 luisse·
991 4201 1246 4286 Αμφιτρὺωνος
1268 4199 1401 4268 ἄκοιτιν
