3242 5138
284 447 369 494 xxxvi
631 427 680 484 DE
699 424 882 486 rnasoms
903 423 1124 486 incruenta.

284 575 455 658 probaton
486 593 557 638 curu
576 576 685 636 Santra
713 579 745 636 et
761 574 867 634 Cincio
885 580 1104 653 comparatum
1132 574 1214 652 quod
1238 575 1395 641 vocabulis
1413 592 1473 641 no·

285 700 429 760 sissimus
448 704 481 758 et
498 698 661 758 nouissime
680 713 743 758 non
762 713 837 758 usus
854 697 903 770 sit,
925 713 983 775 pro
996 701 1179 776 argumento
1200 694 1357 774 habetur;
1378 699 1474 763 adco-

285 837 357 901 que,
379 821 406 882 si
418 835 498 898 quae
510 817 612 880 minus
631 825 718 880 recte
738 817 916 898 exposuisse
933 817 1067 892 videtur,
1091 824 1268 884 excusatur.
1289 823 1360 900 lpse
1374 823 1474 900 Quia-

285 943 447 1017 ctilianus,
466 942 525 1005 etsi
537 941 617 1004 Aelii
634 940 785 1003 iudicium
807 940 847 1002 de
866 941 1010 1004 Plautino
1031 955 1173 1008 sermono
1195 959 1259 1002 noo
1278 943 1471 1029 comprobat,

286 1065 370 1144 quod
389 1064 442 1125 ille
461 1065 563 1125 Musas
584 1063 728 1124 Plautino
751 1077 894 1123 sermone
912 1063 1071 1124 locuturas
1091 1062 1187 1125 luisse
1209 1063 1347 1138 dixerat,
1369 1065 1395 1127 si
1413 1069 1473 1130 La-

285 1189 350 1250 tine
372 1187 457 1266 loqui
476 1185 608 1259 vellent,
627 1190 732 1246 tamen
752 1201 842 1245 suum
859 1183 957 1262 ipsius
976 1183 1125 1254 iudicium
1144 1185 1189 1244 illi
1207 1185 1251 1246 ita
1271 1187 1415 1266 opponit,
1436 1196 1473 1250 ut

285 1308 377 1370 lacile
400 1306 577 1389 intelligas,
605 1306 703 1372 illlam
722 1311 754 1366 et
781 1305 883 1384 ipsum
913 1305 1081 1384 plurimum
1107 1305 1187 1368 Aelii
1209 1308 1387 1372 auctoritati
1411 1311 1471 1370 tri-

284 1429 399 1492 buisse.
440 1427 504 1490 Etsi
524 1427 620 1507 igitur
639 1427 748 1498 Cicero
770 1426 837 1488 eius
857 1427 1013 1490 orationes
1043 1413 1230 1490 leviusculas
1258 1445 1324 1492 esse
1350 1432 1469 1505 statuit,

283 1559 388 1614 tamen
408 1565 479 1612 cum
500 1549 539 1628 Q.
553 1549 694 1612 Metellus
711 1548 808 1624 iilius,
831 1549 870 1627 Q.
889 1550 1019 1630 Caepio,
1043 1549 1081 1627 Q.
1104 1551 1269 1630 Pompeius
1286 1552 1385 1615 Rufus
1403 1555 1473 1616 cius

286 1689 382 1754 opera
402 1673 434 1734 ln
456 1671 648 1734 orationihus
668 1671 842 1735 scribendis
859 1671 908 1734 usi
933 1671 1066 1747 luerint,
1090 1673 1180 1734 cotta
1201 1671 1279 1734 adeo
1299 1675 1382 1742 iltius
1398 1693 1471 1736 ora-

282 1795 383 1860 tiones
403 1812 460 1876 pro
479 1796 542 1858 suis
562 1793 673 1856 haberi
692 1795 843 1870 voluerit,
871 1793 932 1856 hoc
954 1801 1041 1856 certo
1065 1800 1113 1856 est
1131 1795 1325 1872 testimonio,
1349 1793 1476 1879 ¹quanta

282 1917 350 1980 cius
370 1917 451 1978 fama
471 1915 555 1995 apud
574 1917 720 1994 aequales
746 1917 852 1979 suerit.
892 1919 968 1979 Nam
995 1917 1078 1996 quod
1098 1918 1198 1980 Varro
1221 1918 1313 1980 toties
1340 1935 1411 1980 eum
1435 1919 1470 1980 in

281 2037 448 2098 verborum
462 2033 943 2119 significationibus'illustrandis
962 2038 1154 2114 laudaverit,
1174 2039 1236 2102 hoc
1255 2041 1385 2104 tortasse
1405 2053 1469 2102 non

280 2157 380 2238 magis
407 2157 489 2219 iliius
514 2156 690 2221 auctoritati
717 2172 810 2235 quam
838 2164 926 2236 grato
956 2158 1057 2217 animo
1084 2158 1229 2239 discipuli
1254 2163 1466 2225 tribuendum.

280 2279 343 2342 Sed
371 2297 434 2342 non
460 2279 561 2340 minus
587 2293 681 2356 saepe
703 2279 810 2340 Festus
831 2279 1032 2358 etymologias
1052 2278 1165 2340 abillo
1188 2284 1362 2360 propositas
1385 2299 1470 2346 com.-

280 2403 479 2473 memoravit,
500 2403 545 2461 ita
558 2405 593 2461 ut
609 2397 693 2462 inter
705 2400 927 2467 Grammaticos
940 2400 1023 2488 illios
1043 2401 1153 2462 aetatis
1172 2402 1347 2482 principem
1365 2405 1469 2467 locum

281 2519 420 2582 tenuisse
435 2519 589 2584 videntum
628 2523 691 2586 Sed
719 2522 812 2585 etiam
839 2521 989 2584 sermonis
1017 2522 1168 2586 festivitas
1194 2524 1227 2585 in
1251 2542 1288 2586 eo
1308 2525 1468 2588 celebrata

279 2647 336 2704 est.
378 2644 454 2703 Cum
472 2642 555 2704 enim
577 2643 823 2725 filiusllispoui,
847 2629 940 2725 quem
959 2645 1062 2726 Scipio
1084 2647 1272 2710 Aemilianus
1295 2665 1334 2710 ex
1354 2663 1469 2728 provo·

279 2763 408 2826 catione
416 2767 586 2828 certamina
600 2768 749 2848 singulari
760 2768 974 2845 interiecerat,
996 2773 1111 2834 annulo
1125 2744 1294 2853 signatorio
1309 2777 1466 2844 uteretur,

278 2887 312 2948 in
335 2902 396 2964 quo
416 2886 594 2948 certaminis
612 2889 714 2966 imago
738 2897 820 2950 esset
840 2891 1017 2969 insculpta3
1038 2895 1143 2956 Aelius
1164 2902 1287 2966 tantam¹
1307 2893 1470 2958 stultitiam

280 3007 420 3081 miratus,
443 3007 613 3084 quaesivit,
635 3007 710 3086 quid
730 3009 856 3070 tandem
875 3011 1015 3072 tacturus
1034 2984 1152 3084 luerit,
1168 3014 1194 3074 si
1213 3005 1356 3089 Scipio-a
1376 3019 1467 3090 patre

279 3129 346 3192 eius
367 3130 552 3192 interiectus
571 3136 664 3192 essct.
688 3131 747 3192 cir.
769 3132 849 3194 Plin.
871 3133 1165 3194 lv.xxxv11.l.t.
1190 3131 1252 3194 Sed
1265 3131 1348 3210 quod
1361 3133 1467 3196 Aelius

274 3249 352 3312 Stilo
366 3258 398 3313 et
416 3252 483 3331 ipse
496 3252 580 3313 inter
599 3251 739 3320 homines
759 3252 877 3316 facetos
897 3254 979 3316 illius
992 3255 1103 3318 aetatis
1123 3255 1218 3316 luisse
1237 3254 1371 3329 videtur,
1391 3254 1466 3318 inda

276 3369 508 3454 consequitur,
530 3373 647 3453 ubique
668 3374 735 3435 eius
754 3392 867 3436 nomen
888 3393 955 3438 esse
975 3376 1207 3457 reponendum,
1232 3378 1287 3439 ubi
1305 3375 1466 3439 hominum

274 3497 458 3582 festivorum
487 3497 604 3560 mentio
634 3495 669 3556 lit
681 3517 689 3569 ;
721 3513 817 3575 quare
845 3497 940 3560 falsus
967 3505 1015 3560 est
1035 3499 1105 3561 Van
1126 3499 1266 3574 lleusde,
1287 3485 1352 3578 'qui
1381 3500 1466 3579 apud

274 3621 456 3683 Ciceronem
478 3620 518 3682 ad
546 3620 706 3682 llamle.
721 3620 751 3681 5.
773 3620 811 3680 in
837 3621 963 3683 verbis:
995 3623 1071 3696 „Te
1095 3639 1190 3700 quum
1217 3620 1326 3695 video,
1358 3639 1465 3684 omues

273 3738 351 3802 mihi
370 3741 515 3817 Grauios,
543 3754 651 3802 omnes
670 3740 819 3816 Lucilios,
841 3759 916 3806 vere
937 3751 973 3805 ut
991 3743 1112 3818 dicam,
1144 3745 1268 3806 Crassos
1289 3761 1411 3822 quoque
1432 3751 1465 3805 et

273 3862 393 3924 Laelios
412 3863 520 3928 videre
540 3860 681 3926 videor.’'
714 3863 822 3925 Actias
849 3867 996 3927 correxit.
1036 3866 1175 3928 Pnimum
1200 3865 1283 3927 enim
1310 3883 1375 3926 non
1403 3882 1476 3944 ne-¹

272 4000 360 4046 cesso
380 3992 443 4061 cst,
468 3987 616 4050 utcrassi
635 3983 774 4065 aequalis
792 3986 995 4067 intelligatur,
1016 4005 1130 4067 neque,
1152 3986 1235 4067 quod
1253 3988 1375 4051 Laelium
1388 3987 1464 4049 alias

271 4107 396 4187 sapiens
415 4109 520 4184 audit,
541 4111 626 4174 nulla
644 4111 678 4172 in
698 4109 765 4172 eius
786 4109 926 4172 oratione
945 4109 1047 4189 potuit
1068 4127 1135 4172 esse
1154 4110 1323 4173 vemacula
1343 4108 1463 4170 testivi-

271 4236 329 4292 tas.
369 4231 431 4293 Sed
455 4232 523 4294 Van
552 4232 704 4298 lleusdlns
732 4227 825 4312 plane
852 4232 1015 4296 immemor
1044 4231 1153 4296 iudicii
1178 4231 1337 4296 Ciceronis
1367 4230 1462 4292 inisse

271 4351 411 4429 videtur,
439 4355 492 4438 qui
511 4354 544 4418 iu
564 4356 659 4418 Bruto
679 4373 707 4418 c.
723 4356 771 4418 lt.
793 4353 982 4429 Callaelius,
1007 4355 1042 4417 P.
1057 4355 1179 4437 Scipio,
1201 4354 1321 4434 inqurit,
1344 4352 1462 4433 optime
