3184 5140
402 819 635 874 ABBENM
654 821 717 874 ΕΤ
736 817 1073 877 calamantum.

752 987 829 994 ..μ-ρ-

147 1147 173 1195 Ρ.
213 1144 243 1192 6.·
258 1159 283 1194 n.
304 1147 329 1194 in
346 1148 393 1194 ima
412 1148 496 1210 pagium
514 1149 561 1198 col.
580 1151 603 1200 1,
622 1149 640 1196 l.
658 1149 769 1208 perforas
786 1160 830 1208 pro
845 1147 967 1210 perarida.

147 1259 182 1268 -
210 1235 235 1281 5.
255 1248 280 1284 n.
299 1237 317 1281 l.
337 1236 362 1282 t.
381 1236 427 1286 col.
449 1239 473 1286 t.
494 1237 523 1284 ab
544 1235 593 1284 imo
612 1237 631 1283 l.
651 1236 738 1290 datam
759 1237 918 1296 prodictam.

148 1346 182 1358 -·
211 1325 236 1370 5.
256 1325 273 1370 l.
296 1323 320 1372 6.
340 1327 384 1375 col.
404 1325 427 1376 6.
446 1326 471 1373 in
488 1325 552 1373 notia
569 1326 587 1376 l.
606 1327 665 1374 noto
682 1337 726 1384 pro
744 1328 811 1374 uoto.

148 1434 182 1446 -·
213 1413 238 1462 5.
256 1425 281 1460 n.
301 1412 318 1460 l.
338 1412 430 1481 5.,191.
446 1413 477 1460 ,6.
496 1415 526 1462 ab
542 1414 591 1462 imo
608 1415 627 1462 l.
646 1417 716 1464 cruat
733 1427 777 1473 pro
797 1417 878 1462 eruat.

148 1525 181 1534 -
212 1501 236 1547 6.
256 1501 300 1548 lin.
319 1502 371 1550 not.
394 1503 440 1552 col.
459 1502 484 1550 2.
503 1503 521 1548 1.
540 1503 565 1552 9.
584 1504 602 1550 l.
624 1515 677 1550 cam
697 1514 741 1562 pro
761 1502 835 1548 calm.

151 1615 177 1625 -
210 1589 235 1638 6.
256 1603 281 1642 n.
302 1591 349 1638 col.
368 1591 394 1641 2.
413 1591 428 1641 l.
450 1593 474 1638 6.
494 1593 512 1638 l.
531 1591 623 1654 carpsit
639 1602 685 1650 pro
703 1589 801 1649 curpett.

147 1677 183 1725 hd
201 1691 227 1738 p.
242 1679 266 1724 7.
286 1678 317 1728 fr.
330 1680 372 1725 ll.
392 1679 481 1726 rectius
498 1677 598 1726 fortasse
616 1678 720 1726 alterum
740 1677 899 1737 fragmentum
918 1677 1086 1736 adponendum
1103 1681 1172 1726 erat:
1192 1683 1260 1730 tomo
1277 1684 1324 1732 im-

148 1746 249 1826 pudicos
266 1770 289 1815 ct
308 1767 407 1827 impuno
424 1770 458 1815 cat
474 1767 610 1828 rapinator.
629 1766 735 1814 metrum
752 1766 849 1827 quidem
866 1765 891 1813 in
909 1765 1012 1826 utroque
1024 1765 1153 1826 claudicat,
1172 1770 1236 1828 quod
1254 1772 1324 1831 plane

143 1856 265 1904 ‘incertum
289 1858 344 1918 est3
371 1855 506 1905 dactilicum
524 1857 552 1904 ut
568 1855 695 1912 efficiatur,
721 1855 755 1902 ita
780 1855 866 1916 aliquis
888 1855 1007 1915 corrigat:
1032 1855 1166 1915 impuratus
1191 1858 1259 1906 homo
1279 1865 1322 1922 eat,

147 1945 262 2004 impuno,
282 1948 351 2006 utque
367 1940 488 2006 captatam
506 1945 607 1996 alterum
625 1958 648 1992 v.
670 1944 750 1992 autem
768 1944 801 1992 ita
819 1943 1013 1992 emendaverim:
1033 1943 1192 2004 „impudicae
1208 1947 1277 1995 tomo
1288 1953 1325 2000 eat

146 2034 258 2094 impum5
276 2037 299 2082 et
316 2033 475 2099 rapinator.''

146 2123 171 2172 Ρ.
194 2123 237 2172 ld.
256 2122 320 2171 nott.
342 2124 388 2173 col.
409 2124 433 2170 1.
452 2123 469 2173 1.
489 2123 514 2170 ὅ.
536 2123 566 2170 ab
583 2121 631 2168 imo
652 2121 670 2168 l.
691 2120 795 2170 Charisii
812 2133 856 2180 pro
875 2119 979 2169 thurati.

148 2234 182 2246 -·
196 2211 236 2258 ld.
256 2224 281 2262 n.
300 2213 346 2262 col.
366 2211 392 2258 2.
412 2212 428 2262 l.
449 2211 474 2260 8.
492 2211 522 2258 ab
537 2211 585 2259 imo
602 2211 619 2260 l.
638 2210 773 2258 coniectura
789 2221 834 2269 pro
852 2208 1004 2257 coniectaria.

148 2300 237 2346 -11,
257 2313 282 2347 n.
301 2300 346 2350 col.
368 2301 391 2347 1.
411 2301 428 2347 l.
449 2301 473 2346 7.
494 2300 523 2347 ah
541 2299 590 2347 imo
607 2299 626 2350 l.
645 2300 777 2347 iuoaocroat
793 2309 838 2358 pro
855 2298 991 2345 tumerent.

151 2415 177 2424 -
195 2389 235 2437 16.
255 2401 281 2436 n.
300 2389 346 2436 col.
371 2389 393 2438 1.
411 2389 428 2439 l.
448 2389 487 2438 15.
503 2388 521 2440 l.
539 2385 682 2454 tirylluham
698 2399 743 2448 pro
761 2384 911 2452 disyllabum.

146 2501 180 2511 -
197 2501 232 2512 -
300 2501 333 2514 -
411 2478 429 2528 l.
450 2477 490 2528 16.
508 2479 524 2527 l.
542 2477 587 2524 aia
605 2489 650 2536 pro
667 2475 721 2523 ufac.

147 2591 177 2602 -
193 2565 235 2614 16.
253 2579 279 2613 n.
298 2566 344 2616 col.
365 2567 389 2612 l.
405 2565 430 2612 in
447 2565 496 2611 ima
513 2579 539 2624 p.
557 2565 575 2609 1.
593 2574 749 2610 mammoaum
766 2575 811 2623 pro
829 2573 994 2613 mammoaam.
1013 2564 1032 2608 l.
1043 2564 1060 2608 l.
1080 2566 1126 2615 col.
1145 2567 1162 2614 l.
1178 2567 1201 2617 2.
1218 2567 1324 2637 papillas

256 2663 301 2710 pro
316 2651 434 2712 pupillae.

148 2762 181 2775 ·-
195 2739 235 2790 18.
255 2752 279 2790 n.
298 2740 344 2790 col.
364 2739 388 2792 2.
407 2740 425 2787 l.
446 2740 470 2791 9.
490 2741 508 2788 l.
528 2739 604 2790 oiaire
621 2751 664 2800 llro
681 2739 765 2786 vidire.

147 2852 181 2864 -·
194 2827 237 2876 25.
257 2829 286 2880 fr.
306 2828 348 2877 61.
371 2828 410 2876 hle
435 2840 519 2877 versuo
542 2829 579 2877 eat
601 2841 632 2876 ex
655 2828 696 2877 lib.
715 2826 754 2878 lv.
781 2825 812 2873 fr.
833 2825 859 2875 8.
877 2839 912 2876 vs.
932 2825 958 2874 6.
983 2839 1060 2888 neque
1084 2829 1136 2876 erat
1151 2828 1240 2878 iterum
1259 2833 1323 2895 typis

257 2917 436 2978 exprimendus.

148 3007 236 3056 -16,
255 3006 286 3054 fr.
306 3006 331 3053 8.
348 3007 439 3055 verba:
464 3003 500 3068 [ot
517 3019 586 3055 acmo
603 3032 634 3041 -
653 3003 736 3068 dicere]
756 3017 811 3052 cum
827 3003 911 3051 Lucilii
931 3016 984 3052 eoae
1002 3004 1042 3052 vix
1059 3006 1167 3067 possint,
1192 3007 1281 3070 mappa
1297 3009 1323 3058 in

256 3095 343 3156 quihus
357 3108 389 3143 ne
401 3092 483 3142 'ullum
501 3095 598 3156 quidem
614 3095 764 3156 rhythmicae
782 3092 896 3140 orationis
913 3092 1040 3153 vestigium
1058 3093 1260 3157 deprehendatur,
1278 3110 1324 3158 po-

256 3184 304 3232 tius
316 3184 347 3232 ad
359 3184 496 3232 Ciceronem
515 3185 636 3232 auctorem
653 3181 780 3231 referenda
796 3193 867 3241 quam
879 3179 969 3228 huntio
984 3181 1071 3242 poetae
1083 3181 1232 3230 obtrudenda
1242 3185 1321 3235 erant.

150 3300 176 3310 -
192 3271 234 3320 98.
254 3271 286 3321 fr.
304 3272 352 3322 inc.
373 3273 429 3322 166.
453 3272 583 3333 repetitum
602 3272 640 3319 eat
663 3271 823 3330 fragmentum
839 3268 968 3330 quodiam
992 3267 1018 3316 in
1038 3268 1101 3316 libro
1118 3273 1149 3320 ll.
1168 3284 1193 3318 n.
1214 3272 1255 3323 25.
1276 3285 1322 3321 ex-

245 3375 368 3423 =preaaum
385 3363 409 3410 et
426 3362 524 3410 Barthlo
541 3361 637 3408 anctore
652 3359 715 3406 libro
733 3357 837 3407 secundo
855 3356 1037 3406 adscribendum
1054 3358 1116 3405 erat.

150 3475 181 3484 -
194 3449 235 3501 66.
254 3450 283 3500 fr.
301 3453 343 3498 27.
361 3452 426 3499 idem
444 3449 603 3510 fragmentum
621 3447 748 3509 repetitum
768 3445 834 3508 quod
853 3445 901 3492 iam
918 3445 961 3492 lib.
979 3446 1082 3492 xxvlll.
1100 3458 1125 3495 n.
1146 3446 1187 3494 19.
1213 3446 1321 3507 adscrip-

254 3539 307 3586 tum
321 3538 414 3599 fuerat,
434 3538 499 3599 qnod
517 3536 678 3598 dittographia
694 3535 834 3596 corruptum
854 3546 906 3581 ease
922 3531 1012 3580 iudicat
1031 3532 1189 3581 lluentzerus.

318 3626 407 3675 contra
422 3625 561 3686 fragmentis
575 3626 620 3672 lib.
632 3627 682 3675 XX.
696 3622 834 3671 addendum
851 3622 912 3682 fuit,
930 3619 996 3682 quod
1007 3621 1136 3669 'l'ortelliua
1148 3633 1169 3672 o.
1179 3634 1204 3673 v.
1223 3619 1323 3672 cauca

252 3713 408 3763 laudaverat:
427 3714 456 3763 ut
470 3713 575 3762 Lucilius
591 3713 634 3760 lih.
648 3715 700 3762 llll.
719 3725 733 3760 a
749 3711 874 3761 Parthenio
892 3709 1024 3770 inducitur,
1044 3709 1085 3770 qui
1097 3708 1172 3758 dicit:
1192 3708 1322 3758 Gdlocaom

255 3803 479 3864 coopertoriolum
497 3803 610 3863 foedavit.

148 3893 250 3948 -rot,
269 3893 298 3944 fr.
313 3891 352 3943 ra.
369 3892 387 3938 l.
406 3891 504 3940 soacta’
523 3890 616 3953 serapia
633 3901 677 3951 pro
694 3890 789 3938 sancto.
