3284 5128
545 421 596 480 EX
621 423 839 484 sntlunuutt
863 427 934 484 nte.
956 427 1004 486 VI.

189 563 217 625 3.
239 563 344 636 Haeo,
365 564 512 647 inquam,
536 567 630 629 rudet
650 587 669 629 e
688 569 914 658 rostris-atque
935 573 1092 636 eiulit'ebit
1132 603 1141 646 ‚-

240 679 440 742 Concursnns
461 681 505 742 uti
526 683 672 744 ensurius
693 683 843 768 clareque
866 687 1032 768 quiritans.

187 793 216 853 6.
239 827 274 838 -
287 827 322 838 -
344 793 476 876 Impune
496 815 631 877 peecare
650 798 710 859 rnti
731 807 803 862 sunt

237 908 351 982 Posse,
375 913 406 970 et
423 910 589 973 nobilitate
608 912 694 974 snoul
714 915 896 996 propellere
915 919 1052 1002 iniquos.

187 1025 215 1084 5.
240 1056 320 1068 -—
342 1023 587 1098 Thannomeno,
609 1027 731 1109 inquit,
753 1030 841 1092 cuive
863 1037 1005 1097 sororem

238 1137 412 1200 Lanificam
433 1137 496 1200 diei
516 1140 632 1227 sienem
656 1148 751 1224 etque
773 1145 960 1210 abstemium
980 1149 1035 1210 ubi
1056 1153 1153 1214 audit.

186 1253 215 1312 6.
238 1251 271 1312 Si
292 1251 343 1314 hio
362 1253 550 1315 vestimenta
570 1254 666 1318 elevit
684 1257 767 1331 luto,
791 1260 832 1323 ab
853 1279 892 1322 eo
913 1262 1010 1326 risum
1031 1283 1179 1348 magnum

238 1367 286 1428 Ad
307 1367 493 1429 cachinnum
512 1353 697 1451 imprudens
720 1373 846 1436 subicit.

183 1483 211 1539 7.
235 1515 269 1526 -
283 1515 317 1526 -
340 1481 403 1556 Qui
424 1489 454 1544 te
475 1483 577 1548 bonus
597 1486 755 1568 luppiter,
778 1490 896 1573 inquit,

236 1596 350 1659 Crasso
372 1597 510 1658 Mucium
532 1615 602 1662 eum
617 1603 782 1665 ‘coenabat
805 1605 966 1669 dominum
987 1611 1111 1672 tortem.

182 1712 212 1772 8.
238 1710 324 1785 Quid
345 1711 449 1793 ipsum
469 1714 575 1775 facere
598 1722 700 1796 optes

183 1828 212 1886 9.
236 1805 382 1909 Nequitin
402 1837 537 1911 occupat
558 1848 611 1903 os,
633 1832 808 1911 petulantia
829 1834 1078 1919 prodigitasque.

167 1943 213 2002 10.
235 1940 267 2001 Si
287 1943 389 2016 nosti,
413 1962 477 2004 non
496 1963 629 2027 magnus
650 1945 746 2007 homo
767 1954 833 2021 est,
859 1953 994 2024 nasutu'‚
1016 1953 1180 2014 macellus.

167 2057 213 2117 11.
236 2056 272 2116 ld
294 2057 396 2118 solum
418 2058 569 2123 adversae
589 2059 734 2136 fortunae
758 2063 869 2146 reique
889 2065 1017 2128 resistit.
1137 2057 1142 2070 “

165 2267 353 2280 »Ἀ

199 2407 223 2455 5.
243 2407 302 2458 Non
321 2420 345 2467 p.
360 2409 400 2459 45.
413 2409 436 2457 ir.
461 2408 596 2458 institutit
613 2413 650 2462 w.
666 2414 693 2461 4..
710 2413 737 2462 Α.
771 2412 795 2472 ti,
817 2411 857 2461 24.
875 2413 943 2472 proh.
965 2409 1084 2464 Weicliert
1102 2429 1126 2476 p.
1146 2415 1204 2466 464.
1229 2415 1297 2465 totto
1317 2418 1346 2465 ci.

163 2493 280 2544 etutitoitt
306 2496 380 2544 Varro
405 2498 455 2548 vn.
485 2498 542 2555 466.
574 2499 647 2546 Turn.
671 2502 738 2548 Dono
769 2501 852 2550 lousa.
870 2499 944 2562 oeteo
961 2502 1036 2553 codd.

165 2583 224 2631 scat.
248 2569 398 2633 mustitano
420 2587 450 2634 ct.
478 2590 494 2637 r.
517 2589 591 2635 nun.
619 2585 739 2636 mittetur
804 2587 828 2637 o.
846 2588 906 2634 uon.
918 2601 942 2646 p.
957 2589 1029 2640 rso.
1041 2593 1087 2637 ros.
1095 2592 1155 2638 sor.
1168 2594 1212 2639 nos
1224 2594 1347 2640 trochaeos

164 2671 223 2720 snat.
247 2673 309 2721 coni.
335 2685 361 2732 p.
380 2672 420 2722 84.
444 2673 558 2720 uocemue
579 2675 615 2723 W.
640 2676 666 2721 1..
690 2687 737 2732 mg.
770 2684 822 2720 esse
839 2675 932 2720 monuit
955 2688 986 2722 ex
1006 2677 1067 2723 libro
1089 2679 1170 2728 xxvi.
1191 2691 1241 2726 non
1259 2692 1289 2726 ex
1306 2680 1345 2729 Vt.

165 2763 182 2809 1.
201 2761 275 2808 Turn.
303 2759 465 2818 asportasti.
491 2762 508 2809 4,
535 2758 599 2807 vetut
620 2761 739 2819 eunomus
769 2771 818 2819 quo
834 2759 904 2822 iure,
923 2760 963 2808 alii
981 2763 1085 2814 vineant.
1106 2764 1200 2812 subiicit
1216 2765 1293 2824 vulgo.

164 2850 193 2898 ei.
220 2847 278 2896 scal.
302 2848 318 2896 4.
340 2847 356 2895 l.
380 2847 453 2896 t'urn.
479 2850 607 2894 armarius
629 2851 647 2897 1.
672 2851 738 2896 Dum
806 2849 830 2894 7.
853 2849 915 2897 Non.
933 2862 960 2910 p.
977 2851 1037 2898 496.
1057 2864 1080 2899 n.
1103 2852 1182 2913 inquit
1204 2854 1290 2914 Grati,
1312 2855 1345 2902 sic

164 2935 278 2984 ancones
294 2937 321 2985 44.
340 2936 490 2982 horrendem
506 2935 579 2983 'turn
593 2936 652 2985 niv.
665 2939 737 2988 xvii.
768 2939 833 2996 opud
855 2937 977 2986 tantinum
1000 2940 1031 2986 ci.
1056 2943 1075 2987 4.
1097 2941 1141 2987 etr.
1163 2941 1227 3003 lips.
1246 2943 1342 2995 situm.

162 3023 203 3074 it.
218 3023 274 3071 inec
284 3025 321 3073 W.
329 3026 355 3074 4.,
367 3023 451 3074 Varro.
464 3024 528 3084 qrrod
547 3035 591 3084 pro
603 3027 737 3074 accusativo
768 3027 787 3070 1.
807 3026 871 3072 extr.
899 3029 920 3074 te
937 3025 996 3074 bone
1015 3028 1046 3087 (u
1066 3026 1118 3091 spi)
1137 3033 1173 3077 1..
1185 3031 1220 3078 t..
1234 3031 1343 3089 Muttott,

161 3114 244 3162 hebuit
269 3115 342 3164 Busa.
380 3101 506 3160 'caeterum
535 3112 735 3162 emendaverim:
767 3126 791 3172 q.
803 3112 917 3162 coenabit.
931 3115 955 3166 rt.
969 3115 1020 3174 fore
1037 3117 1239 3166 emorousae
1258 3123 1345 3167 Croeso

163 3201 314 3250 Concursum
341 3200 417 3250 vetuti
450 3203 479 3250 ut
503 3201 607 3248 metrum
633 3205 734 3253 constet.
767 3201 855 3248 Mutiu’
874 3215 947 3262 quum
968 3215 1039 3251 oenoe
1061 3207 1172 3253 dominor
1195 3206 1255 3266 {orte
1272 3207 1303 3255 ci.
1322 3210 1342 3255 1.

160 3289 274 3342 Schmidt
293 3289 374 3340 minus
385 3291 468 3338 reete:
487 3291 602 3338 aerarius
616 3294 650 3340 ut.
663 3292 733 3338 unto—
766 3289 840 3340 Busa.
862 3280 1081 3341 moturemoture
1097 3295 1221 3342 omninum
1241 3295 1293 3354 {ore
1310 3297 1341 3342 ci.

160 3379 291 3440 penrrltima
308 3379 372 3428 enim
391 3377 455 3440 apud
473 3381 575 3427 Graecos
591 3380 673 3427 brevis
689 3380 734 3430 est.
766 3377 838 3425 nere.
858 3378 886 3425 P.
905 3380 1009 3428 Mucium
1026 3382 1054 3426 P.
1067 3382 1095 3429 F.
1115 3383 1145 3440 Q.
1158 3383 1187 3428 Ν.
1206 3381 1343 3430 9636404446

160 3469 248 3516 &neco
270 3481 335 3528 vox,
367 3463 496 3540 ἄγγαρος
522 3468 547 3516 et
573 3464 738 3538 ’ἀγγαρηιος
766 3465 1096 3516 supremorum
1116 3467 1250 3515 Mucianum
1268 3469 1342 3516 intei-

161 3569 192 3602 ex
209 3556 303 3603 Persico
320 3555 557 3616 remoraremur,
577 3556 655 3616 regios
672 3569 735 3605 nun-
765 3551 931 3612 ligendosesse
939 3553 1083 3612 putaverim.
1095 3554 1173 3602 locum
1181 3554 1213 3602 ite
1222 3555 1340 3603 emendos

161 3644 207 3692 tios
223 3643 354 3704 signifieat,
382 3644 425 3705 qui
444 3655 506 3705 equo
524 3645 564 3692 vel
580 3656 654 3692 curru
672 3644 734 3693 recti
765 3640 808 3701 qui
825 3640 971 3688 ont'nonu’
989 3641 1098 3703 luppiter
1115 3642 1209 3704 inquit,

162 3731 273 3780 mandata
281 3731 393 3780 celeriter
407 3733 540 3792 perferunt.
558 3732 733 3784 eremmon,
801 3730 883 3778 cremo
900 3731 992 3779 Mucius
1011 3743 1064 3780 curn
1083 3733 1169 3781 coenat
1185 3730 1296 3780 dominus

162 3820 303 3869 vocabulum
327 3819 352 3866 et
372 3819 490 3870 cioeronis
509 3821 582 3869 aetati
599 3821 684 3870 notum
709 3823 734 3870 et
903 3819 977 3868 tuerit
993 3821 1050 3866 inm.

160 3907 338 3958 turimonsuitis
349 3907 443 3967 saepius
452 3910 567 3957 usitatum
579 3907 622 3960 ctr.
635 3910 661 3960 4.
673 3911 734 3958 Geli.
800 3907 826 3954 8.
844 3908 913 3956 Serv.
931 3906 962 3955 ad
979 3907 1046 3967 virg.
1058 3907 1117 3955 Aen.
1132 3910 1152 3956 1.
1166 3909 1208 3956 76.
1221 3910 1337 3958 emendo:

160 3999 222 4048 74444,
241 4009 262 4045 e.
282 3995 321 4046 rt:
340 3995 382 4047 sin.
403 3997 428 4043 et
447 3999 537 4048 Porcel.
555 3999 661 4047 ceterum
678 3999 734 4047 utre
764 3995 876 4056 quodque.
1132 4047 1134 4052 .

160 4085 277 4146 seriptum
300 4097 356 4136 ono.
377 4097 408 4132 en
432 4097 490 4146 nup.
513 4086 732 4149 praestantiorem,
799 4083 825 4131 9.
845 4084 906 4130 Νοιι.
925 4096 952 4144 p.
972 4082 1032 4133 469.
1051 4097 1076 4133 a.
1101 4084 1143 4133 hoe
1160 4086 1191 4134 ci.
1207 4087 1292 4134 lliusa.
1314 4099 1339 4134 os

160 4173 258 4236 perduoi
275 4173 316 4222 vix
333 4172 365 4222 ed
384 4171 502 4235 liquidum
521 4173 608 4234 potest.
767 4171 843 4220 4696.
855 4169 1087 4232 4.ριοιιῑα4ι4ἰαΙ..Α.
1100 4171 1338 4232 petolantiotn'ttii.

196 4261 220 4312 t.
238 4261 298 4312 Non.
318 4275 342 4322 p.
358 4263 400 4313 76.
414 4273 435 4314 e.
802 4261 843 4308 46.
861 4261 923 4308 Non.
942 4272 968 4320 p.
982 4260 1026 4308 96.
1037 4259 1062 4307 lr.

197 4352 220 4397 6.
238 4349 298 4399 uon.
316 4363 341 4411 p,
355 4351 395 4402 49.
407 4352 430 4404 o.
449 4349 519 4400 caton
537 4351 566 4402 oi,
585 4353 604 4398 4.
627 4353 733 4404 Antinoo.
803 4351 843 4396 tt·
863 4350 923 4398 Non·
943 4361 969 4410 n.
983 4348 1042 4396 644.
1056 4349 1080 4396 b·
1101 4361 1168 4409 reque
1185 4351 1258 4398 unsa.
