3242 5138
274 419 341 463 ων
627 397 678 454 DE
695 392 877 454 Pnusorus
895 393 1119 456 Luctntnrttsa

274 546 391 608 Lucilio
412 543 645 606 adulescentulo
667 539 861 604 familiariter
880 541 941 613 uti,
971 547 1003 602 et
1027 541 1068 612 ab
1089 541 1199 608 eodem
1219 541 1279 604 coli
1304 548 1336 608 ct
1354 542 1466 604 obaer-

275 668 343 730 vari
374 668 494 746 potuit,
530 666 661 727 fortasse
691 663 731 725 ad
763 663 897 728 eundem
928 661 969 726 fr.
994 664 1021 724 l.
1050 665 1084 724 L.
1106 665 1145 726 11.
1177 663 1378 726 referendum
1397 671 1465 726 est:

278 806 395 868 ,3qoem
421 806 489 849 eum
515 789 661 850 uidissent
689 788 869 848 Hortensius
902 786 1164 865 Poenorumque?
1209 787 1284 848 Sed·
1296 788 1467 868 praecipua

276 909 391 970 multus
411 915 458 969 est
476 909 611 971 Lucilius
632 909 664 970 in
685 909 763 988 Lupi
783 907 875 970 factis
895 908 1185 982 commemorandis,
1208 925 1301 987 quem
1320 927 1383 970 non
1403 927 1465 971 uno

275 1029 345 1090 loco
365 1029 494 1091 notavit.
529 1030 668 1091 Primum
688 1029 774 1090 illum
794 1027 972 1090 hominibus
990 1029 1093 1108 impiis
1112 1036 1145 1092 et
1164 1030 1298 1109 periuris
1316 1031 1468 1092 adnume-

275 1158 340 1225 rat,
362 1149 447 1214 int.
468 1151 535 1213 Lib.
551 1153 576 1212 t.
605 1158 670 1212 tum
701 1153 768 1212 eius
793 1151 931 1231 pravitas
957 1151 990 1213 in
1016 1152 1170 1220 sententia
1195 1152 1307 1214 iudicis
1335 1151 1467 1216 ferenda

276 1270 520 1351 reprehenditur
546 1272 612 1334 Lib.
632 1274 742 1334 xxix.
765 1274 804 1334 fr.
823 1275 850 1333 l.
881 1274 964 1334 idem
992 1274 1134 1335 luxuriae
1155 1280 1319 1336 accusatur
1339 1275 1378 1334 fr.
1400 1275 1464 1336 ino.

278 1393 344 1454 195.
369 1393 428 1456 cfr.
451 1395 537 1456 Pers.
561 1398 591 1454 S.
607 1395 631 1454 l.
651 1397 716 1456 111.
751 1395 851 1459 secuit
879 1396 1015 1456 Lucilius
1041 1395 1169 1469 urbem,
1200 1397 1260 1470 Te,
1292 1397 1393 1474 Lupe,
1421 1403 1465 1470 te,

275 1516 368 1588 Muti,
400 1521 432 1576 et
461 1516 630 1593 genuinum
666 1516 760 1596 fregit
789 1517 822 1576 in
851 1517 922 1578 illis.
953 1519 1058 1579 Horat.
1081 1519 1113 1578 S.
1130 1520 1166 1578 ll.
1185 1517 1276 1579 1.67.
1305 1526 1359 1578 aut
1382 1517 1466 1580 laeso

276 1607 404 1698 doluere
425 1637 546 1698 Metello
567 1637 755 1717 famosisque
774 1642 860 1718 Lupo
883 1647 1030 1719 cooperto
1050 1639 1225 1702 versibus.'’
1261 1641 1322 1700 lam
1338 1640 1465 1718 quaeri·

276 1765 338 1832 tur,
370 1759 423 1838 qui
456 1762 560 1839 Lupus
589 1760 641 1822 ille
674 1760 785 1834 fuerit,
819 1779 911 1841 quem
933 1761 1016 1822 vitiis
1043 1761 1192 1823 infamem
1217 1760 1312 1822 fuisse
1335 1767 1467 1822 testatur

276 1881 434 1942 Lucilius?
453 1883 630 1961 Respondet
644 1883 779 1966 Orellius
792 1881 803 1942 :¹
822 1883 917 1946 fuisse
931 1886 965 1945 L.
982 1884 1156 1945 Cornelium
1170 1885 1333 1948 Lentulum
1348 1887 1467 1963 Lupum

278 2003 346 2062 Cos.
364 2019 393 2062 a.
412 2004 447 2062 U.
463 2005 495 2062 C.
510 2003 569 2063 698
579 2023 589 2074 3
610 2019 702 2080 quem
725 2005 885 2081 aequalem
907 2006 1061 2084 Scipionis
1084 2013 1177 2086 atque
1198 2007 1293 2067 Laelii
1313 2007 1408 2068 fuisse
1428 2025 1468 2068 ex

278 2123 397 2184 Horatii
418 2123 560 2188 versibus
580 2125 682 2205 colligi
712 2143 802 2203 posse
828 2126 961 2188 uidetur.
1004 2127 1094 2204 Quod
1120 2130 1202 2189 enim
1227 2147 1288 2190 van
1315 2131 1467 2196 Heusdius

152 2299 155 2306 .
278 2249 401 2322 statuit,
424 2255 543 2309 tantum
566 2265 679 2309 nomen
699 2249 813 2309 ltletelli
833 2249 872 2310 ad
893 2249 1044 2327 Scipionis
1066 2255 1201 2310 aetatem
1228 2267 1299 2310 esse
1323 2252 1467 2312 referen-

278 2368 372 2442 dum,
394 2369 426 2430 id
447 2369 519 2430 vide
541 2387 580 2431 ne
600 2369 640 2430 sit
660 2369 809 2430 audacius
829 2371 1015 2431 coniectum.
1043 2370 1148 2444 Simul
1170 2371 1251 2430 enim
1269 2373 1468 2434 statuendum

279 2497 339 2563 est,
365 2490 523 2552 Horatium
544 2498 576 2553 et
602 2491 871 2554 inconsideranter
892 2498 924 2552 et
947 2491 1116 2551 oscitanter
1137 2507 1203 2552 esse
1232 2491 1387 2564 locutum,
1415 2494 1469 2576 qul

278 2610 430 2687 homines,
451 2614 544 2694 longo
564 2617 716 2695 temporis·
732 2615 832 2694 spatio
846 2615 1025 2688 disiunctos,
1048 2621 1196 2693 tanquam
1217 2615 1370 2694 aequales
1385 2631 1469 2676 com-

278 2736 428 2815 posuerit.
469 2717 509 2798 At
532 2738 763 2800 Commentator
783 2740 977 2818 Cruquianus
1003 2737 1042 2800 ad
1077 2738 1236 2800 Horatium
1257 2738 1277 2798 l.
1293 2739 1315 2798 l.
1332 2737 1469 2798 P.'Ruti··

278 2859 352 2919 lium
373 2862 492 2937 Lupum
512 2860 673 2938 intelligit,
696 2859 748 2938 qui
763 2862 875 2920 Consul
893 2861 952 2920 fuit
969 2879 1040 2920 cum
1059 2863 1134 2922 lulio
1150 2864 1281 2922 Caesare
1302 2877 1382 2918 anno
1398 2860 1467 2919 661.

278 2979 362 3058 quod
386 2987 515 3058 propter
544 2981 627 3060 ipsas
651 2987 825 3059 temporum
848 2981 984 3040 rationes
1004 2979 1071 3040 fieri
1098 2997 1187 3058 posse
1207 2986 1302 3057 negat
1321 2977 1466 3052 Orellius,

278 3099 361 3184 qnod
382 3101 416 3161 C.
441 3102 575 3164 Lucilius
594 3102 656 3161 iam
676 3119 704 3161 a.
718 3101 777 3164 662
796 3108 935 3162 mortuus
955 3101 1004 3161 sit.
1034 3100 1152 3163 Orellio
1166 3099 1346 3160 adsentitur
1367 3101 1466 3162 Plum.

279 3221 318 3284 ad
338 3222 437 3286 Persii
457 3223 520 3282 Sat.
537 3224 559 3282 l.
579 3224 643 3284 111.
669 3223 727 3284 cfr.
750 3224 843 3284 etiam
870 3223 1009 3284 Diibner.
1031 3223 1063 3282 in
1096 3221 1176 3282 Edit.
1193 3221 1328 3290 casaub.
1350 3240 1382 3301 p.
1400 3222 1466 3284 111.

280 3348 311 3406 et
332 3347 416 3410 Pass.
438 3342 495 3404 lid.
517 3345 616 3406 Persii
636 3363 667 3424 p.
683 3344 750 3406 166.
772 3346 826 3423 qni
843 3342 1032 3406 scholiastae
1053 3344 1229 3406 auctoritati
1250 3344 1467 3425 abstipnlatur.

280 3465 341 3528 Sed
367 3474 453 3529 recte
475 3468 727 3543 animadversum
756 3473 819 3540 est,
848 3469 882 3528 P.
909 3467 1056 3532 Rutilium
1085 3469 1221 3552 Lupum,
1253 3468 1279 3528 si
1305 3485 1360 3528 suo
1388 3483 1469 3528 anno

282 3596 336 3650 aut
349 3593 441 3669 paulo
456 3598 536 3670 post,
553 3608 650 3652 annos
664 3590 887 3674 quinquaginta
902 3597 1003 3662 natus,
1023 3592 1267 3650 consul-creatus
1278 3589 1382 3661 fuerit,
1398 3590 1469 3650 vivo

280 3711 435 3788 Scipione,
452 3712 505 3790 qni
519 3729 546 3772 a.
557 3714 634 3772 tte.
645 3711 711 3772 cat.
728 3711 810 3772 diem
825 3729 1002 3791 supremum
1018 3712 1105 3785 obiit,
1120 3712 1172 3773 vix
1185 3729 1299 3772 annum
1313 3711 1469 3774 decimum

282 3833 424 3911 quintum
445 3834 635 3912 explevisse3
662 3851 764 3913 nequa
792 3836 854 3896 ulla
881 3843 930 3896 est
952 3836 1051 3910 fama,
1079 3853 1149 3897 eum
1172 3833 1325 3895 amicitiae
1348 3834 1473 3896 vinculo

282 3971 351 4016 cum
366 3955 509 4033 Scipione
522 3957 661 4018 iunctum
679 3958 784 4019 fuisse.
818 3957 878 4020 Sed
899 3975 916 4018 a
937 3959 1069 4032 Metello,
1092 3964 1221 4038 propter
1234 3956 1468 4030 dissensionem,

282 4093 362 4154 quac
379 4085 447 4141 erat
459 4078 491 4138 in
513 4077 685 4157 republica,
708 4081 800 4141 etiam
818 4082 971 4142 alienatus
985 4088 1032 4142 est
1045 4080 1157 4158 Scipio.
1180 4081 1275 4158 (Lael.
1290 4077 1352 4156 at.)
1373 4095 1472 4157 quan·

283 4213 375 4276 quam
392 4198 613 4263 dissensionem
626 4204 709 4264 inter
723 4221 793 4264 eum
808 4211 901 4282 atquc
921 4205 1077 4277 Metellum
1097 4203 1163 4264 sine
1184 4201 1356 4264 acerbitate
1376 4199 1470 4260 luisse

284 4319 392 4382 Cicero
406 4329 515 4390 auctor
528 4331 574 4386 est
583 4344 591 4402 ς
613 4325 652 4388 de
667 4324 726 4389 t'lff.
742 4326 766 4388 l.
783 4326 831 4387 as.
850 4324 951 4389 sedin
965 4325 1052 4390 libris
1066 4325 1105 4386 de
1119 4342 1186 4405 rep.
1203 4326 1227 4386 l.
1246 4323 1294 4384 tt.
1315 4322 1470 4384 Metellum
