3242 5138
278 429 388 474 marn
590 423 593 428 ’
634 409 686 466 ba
703 407 887 466 PERSONIS
904 405 1126 466 LUClLlANlS.

281 558 434 620 Lucilium
462 554 546 616 baud
573 561 690 616 temere
716 554 844 628 iecisse,
877 553 959 632 quod
991 551 1076 612 hunc
1104 552 1296 632 potissimum
1317 553 1475 618 bominem

282 677 454 742 studiorum
474 693 600 740 suorum
620 684 798 742 exactorem
818 692 885 736 esse
906 674 1049 735 voluerit.
1090 676 1171 747 iarn,
1192 674 1218 736 si
1231 676 1373 753 queens,
1393 694 1474 756 quae

282 801 457 880 fragmenta
476 799 516 860 ad
536 798 704 862 doctissimi
722 797 806 858 illius
825 795 958 858 bominis
981 813 1146 876 personam
1173 796 1286 858 referri
1312 815 1402 876 posse
1427 801 1476 862 vi-

203 984 209 994 ,
285 923 431 996 deantur,
453 926 539 982 recte
560 920 692 1010 tortasse
711 916 820 981 laudes
839 937 871 997 p.
886 919 935 980 tt.
961 917 999 979 ir.
1014 919 1065 978 al.
1093 918 1202 998 quidni
1222 927 1249 978 et
1269 927 1301 984 m
1322 921 1401 980 idem
1421 923 1475 1000 inf

285 1045 453 1106 litteratum
473 1061 519 1105 me
539 1051 626 1122 atque
646 1042 772 1102 idiotam
794 1041 926 1112 diceres,
948 1047 980 1100 et
999 1059 1030 1119 p.
1046 1041 1094 1100 di.
1116 1040 1155 1102 ir.
1171 1041 1231 1102 il..
1249 1043 1276 1102 ui
1296 1043 1376 1120 quod
1400 1061 1474 1104 uer·

286 1167 356 1228 bum
376 1168 558 1228 inusitatum
585 1172 639 1224 out
658 1164 847 1224 zetemotium
869 1163 1065 1242 offenderam.
1093 1163 1223 1224 tortasse
1250 1163 1344 1224 etiam
1370 1182 1402 1242 p.
1423 1164 1473 1226 tt.

283 1288 325 1348 fr.
341 1288 391 1348 ot.
411 1287 476 1365 Epo
495 1285 549 1344 ubi
568 1303 654 1364 quem
674 1303 710 1346 cu
727 1285 917 1362 praecordiis
938 1299 1058 1344 uersum
1078 1285 1185 1363 effero,
1206 1291 1240 1345 et
1259 1304 1290 1364 p.
1305 1285 1353 1347 at.
1370 1286 1409 1348 ir.
1424 1287 1474 1348 57.

287 1409 359 1470 ltoec
389 1417 421 1468 tu
451 1409 479 1468 si
509 1407 590 1467 uoles
616 1423 673 1484 per
703 1408 790 1468 curis
819 1413 922 1482 pectus
949 1407 1128 1486 iuriporier.
1155 1423 1235 1484 quae
1258 1408 1360 1468 omnia
1381 1415 1416 1469 ut
1436 1409 1475 1470 ad

288 1529 447 1596 Valerium
473 1529 625 1589 Soranum
649 1528 693 1590 ita
721 1526 761 1588 ad
789 1527 909 1588 Aelium
936 1527 1084 1588 Stilonem
1104 1536 1191 1590 recte
1217 1529 1313 1590 scribi
1339 1531 1476 1608 potuisse

287 1647 444 1712 videntur.

365 1773 410 1832 Ex
426 1772 604 1853 fragmento
626 1771 693 1835 178.
715 1789 748 1851 p.
764 1771 830 1834 l00.
856 1771 937 1850 Quid
958 1770 1013 1835 tibi
1033 1790 1086 1852 epo
1105 1772 1383 1852 ombopesAmbioi
1402 1777 1478 1836 scri·

293 1897 359 1958 bere
380 1899 490 1956 coner?
516 1894 662 1956 coniiciat
682 1895 803 1972 aliquis,
828 1893 980 1957 etiamad
1003 1894 1177 1956 Ambivium
1199 1895 1402 1975 Turpionem,
1431 1897 1481 1958 bi-

291 2019 450 2088 strionem,
473 2016 527 2092 qni
540 2015 664 2074 Catonis
684 2023 715 2074 et
728 2017 866 2077 Terentii
886 2025 989 2078 aetate
1001 2005 1114 2079 'floruit
1134 2019 1197 2080 Cic.
1213 2018 1253 2080 de
1266 2020 1336 2080 Sen.
1360 2021 1406 2093 lt,
1423 2021 1478 2093 u8;

294 2137 445 2198 Lucilium
463 2135 584 2196 litteras
606 2134 739 2196 dedisse.
772 2135 909 2196 Primum
935 2137 1017 2208 enirn
1043 2137 1207 2200 lectionem
1232 2141 1379 2202 Varronis
1399 2141 1482 2219 quod

292 2260 405 2322 attinet
422 2276 479 2334 pro
501 2256 621 2329 ombui,
644 2255 727 2334 quod
747 2257 868 2334 priores
888 2256 1045 2318 Editiones
1060 2255 1285 2332 exbibuerunt,
1309 2261 1377 2322 OM.
1393 2269 1481 2324 recte

291 2398 310 2442 e
335 2379 447 2440 Codice
468 2380 549 2438 Mon.
572 2377 687 2436 ambivi
714 2378 850 2438 restituit
875 2377 970 2456 idque
993 2394 1106 2447 nomen
1129 2385 1215 2438 recte
1242 2379 1282 2440 ad
1303 2382 1482 2444 Ambivium

290 2500 480 2579 Turpionem
501 2498 637 2570 rettulit,
659 2515 751 2578 quem
765 2499 1023 2562 Terentianarum
1043 2499 1218 2559 tabularum
1231 2506 1368 2560 actorem
1386 2501 1483 2564 fuisse

293 2628 425 2702 apparet
451 2637 490 2680 ex
514 2619 689 2694 didascaliis
712 2619 770 2680 cir.
793 2620 874 2683 Dial.
899 2620 939 2682 dc
964 2622 1066 2684 causis
1091 2628 1257 2710 corruptae
1286 2623 1483 2700 eloquentiae

296 2761 326 2805 c.
342 2745 390 2806 ΞΟ.
412 2743 557 2804 obicum
578 2742 688 2803 Roscio
713 2743 866 2804 Comoedo
890 2743 1089 2824 coniungitur
1111 2751 1142 2804 et
1164 2743 1365 2824 Symmachus
1387 2747 1443 2824 Ep.
1459 2749 1482 2807 l.

293 2866 341 2928 Ab.
357 2872 389 2926 et
401 2867 439 2926 X.
455 2866 483 2924 A.
509 2865 600 2938 „Non
620 2863 703 2924 idem
722 2861 823 2929 honor
843 2865 875 2924 in
895 2866 1135 2946 pronuntiandis
1155 2867 1268 2928 tabulis
1285 2869 1323 2930 P.
1338 2867 1481 2941 Pollioni,

294 2988 348 3066 qui
367 2984 507 3048 Ambivio
528 2984 587 3044 luit
607 2985 661 3062 (ita
683 2986 765 3046 enim
787 2985 1015 3047 emendandum
1040 2995 1088 3046 est
1110 3005 1278 3065 proquam
1295 2987 1406 3063 Booio)
1428 3005 1485 3049 ue-

294 3125 355 3187 que
383 3123 441 3186 par
459 3107 580 3186 Aesopo
608 3114 640 3168 et
665 3108 775 3170 Roscio
801 3107 916 3168 iama.’'
956 3109 1000 3168 Er
1030 3107 1142 3186 quibus
1172 3107 1248 3168 locis
1270 3105 1332 3168 boc
1351 3109 1426 3169 satis
1449 3111 1486 3171 fit

296 3230 505 3302 manifestum,
528 3229 614 3288 illum
635 3231 667 3288 in
690 3230 908 3292 laudatissimis
929 3230 1010 3289 illius
1030 3230 1140 3290 aetatis
1168 3227 1369 3300 histrionibus
1389 3231 1485 3294 fuisse

296 3358 502 3414 numeratum.
543 3351 678 3412 Lucilius
703 3351 753 3434 cni
781 3359 816 3410 ut
845 3370 915 3412 cum
942 3352 1010 3426 aliis
1036 3352 1179 3413 litteratis
1204 3352 1381 3420 bominibus
1401 3355 1484 3417 illius

296 3475 417 3552 aetatis,
432 3475 476 3534 ita
486 3491 556 3534 cum
567 3473 720 3546 Ambivio,
733 3474 902 3534 clarissimo
911 3475 1169 3534 Terentianarum
1180 3474 1356 3539 fabularum
1366 3483 1484 3549 actore,

298 3599 414 3658 arctior
427 3596 580 3676 quaedam
595 3595 787 3658 familiaritas
801 3603 894 3674 atque
908 3595 1101 3658 consuetudo
1114 3597 1325 3659 intercessisse
1340 3598 1485 3672 videtor;

297 3717 497 3782 hauddubie
523 3718 557 3778 in
583 3717 707 3776 nomine
727 3718 851 3778 Aocbiui
875 3725 906 3779 et
930 3719 1080 3780 vocabulo
1104 3719 1244 3798 ombupes
1267 3718 1364 3790 ludit,
1393 3727 1424 3780 et
1452 3720 1485 3780 in

298 3841 428 3922 epistola
448 3837 583 3918 quadam
603 3856 674 3903 eum
696 3839 848 3900 allocutus
871 3847 938 3911 est;
966 3840 1021 3902 sed
1043 3858 1116 3902 num
1137 3848 1236 3902 totum
1253 3841 1398 3905 libellum
1419 3841 1487 3903 eius

298 3962 415 4024 nomini
441 3960 652 4048 inscripserit,
676 3976 715 4020 an
736 3966 856 4034 tantum
876 3961 908 4021 in
929 3961 1062 4038 quadam
1081 3962 1154 4025 libri
1173 3969 1262 4042 parte
1283 3979 1354 4024 eum
1378 3962 1486 4041 adpel-

298 4084 425 4159 laverit,
447 4083 482 4144 in
503 4082 605 4144 modio
629 4081 877 4160 relinquendum.

374 4210 411 4269 ln
435 4222 565 4269 numero
587 4204 780 4286 plebeiorum
806 4205 984 4277 bominum,
1012 4206 1124 4284 quibus
1150 4208 1203 4270 illo
1229 4215 1369 4286 tempore
1400 4212 1487 4268 certa

299 4328 451 4411 quaedam
474 4329 606 4392 nominis
630 4329 754 4392 claritas
782 4328 858 4404 tuit,
884 4328 1048 4392 habendus
1072 4339 1119 4395 est
1142 4331 1347 4403 Aeserninus,
1376 4328 1488 4390 nobilis
