3242 5138
484 427 534 486 bn
551 425 734 488 PERSOMS
752 425 977 488 locuturus:
1279 447 1327 490 xm

137 594 200 639 uou
223 575 332 639 eodem
351 577 422 638 loco
442 575 558 654 dictum
579 593 664 650 esse,
686 593 748 654 quo
768 575 945 656 superiora,
971 581 1058 639 recte
1077 576 1326 642 animadversum

137 705 195 760 est.
237 698 423 778 Quicunque
444 697 526 758 euim
545 697 599 759 ille
618 697 740 759 baelius
759 699 915 760 Decumus
935 698 1009 772 luit,
1031 697 1070 760 de
1094 715 1155 778 quo
1178 699 1228 760 nil
1241 717 1325 762 com-

137 825 261 900 portum
281 819 448 894 hahemus,
474 825 560 882 certe
579 819 672 880 homo
682 819 844 882 litteratus
864 819 943 892 iuit;
965 819 1020 882 sed
1039 821 1223 895 Tarentinos
1241 823 1324 883 Gou-

135 943 274 1004 sentinos
294 949 325 1004 et
344 941 462 1004 Siculos
484 959 554 1004 cum
576 942 672 1014 dleit,
697 941 807 1004 rudem
820 947 862 1003 ‘et
886 943 1036 1004 incultam
1056 941 1251 1023 plebeculam
1275 942 1324 1004 in·-
1361 1013 1362 1016 Ἴ

135 1064 261 1143 telligit,
284 1080 415 1146 quorum
434 1061 594 1124 hominum
615 1063 802 1126 vernaculae
822 1061 981 1126 festivitati
1000 1061 1086 1125 haud
1107 1063 1202 1126 dubie
1214 1082 1324 1140 versus

133 1185 186 1246 ille
206 1184 349 1260 ducenti,
380 1201 457 1264 quos
483 1153 771 1265 saepiusltucilius
799 1185 938 1248 dictabat
963 1189 1049 1247 stans
1074 1184 1155 1266 pede
1185 1185 1219 1246 iu
1248 1204 1322 1261 uuo,

134 1313 224 1376 erant
241 1307 339 1373 ,multo
360 1306 496 1387 aptiores
516 1321 608 1385 quam
630 1306 880 1386 gravissimorum
902 1312 935 1369 et
954 1306 1200 1370 doctissimorum
1222 1305 1324 1370 homi-

134 1445 208 1490 num
228 1428 407 1500 severitati„
438 1429 476 1488 Et
500 1444 574 1491 vere
595 1427 720 1507 quidem
742 1429 786 1490 ita
811 1428 944 1492 sensisse
971 1427 1122 1519 Lucilium
1145 1425 1323 1491 testimonio

134 1556 208 1623 ost,
222 1550 307 1628 quod
335 1550 438 1620 tertio,
453 1550 522 1611 loco
545 1517 628 1612 idem
655 1547 722 1612 iere
752 1549 885 1611 dixerit:
914 1551 1053 1611 Munium
1082 1550 1222 1612 Persium
1250 1549 1323 1612 boec

133 1672 228 1752 legere
257 1673 345 1744 nolo,
375 1673 502 1734 Iunium
524 1672 670 1752 Congum.
685 1669 777 1744 volo''
808 1671 888 1733 Plin.
918 1672 955 1733 N.
977 1672 1014 1732 lt.
1041 1672 1098 1751 llp.
1122 1671 1160 1732 ad
1192 1671 1319 1750 Vespas.

131 1796 211 1874 pt.
236 1793 292 1856 Ed.
315 1794 383 1874 Bip.
405 1811 498 1874 quem
521 1792 648 1874 quidem
666 1795 771 1854 mcum
792 1809 810 1854 e
830 1792 986 1854 Cicerone·
999 1793 1033 1852 iu
1051 1791 1141 1854 libris
1160 1790 1201 1856 de
1223 1809 1320 1872 repu-

129 1915 213 1977 blica
230 1915 391 1977 laudatum
414 1916 527 1990 iusisse,
550 1915 668 1976 Plinius
687 1919 880 1976 auctorest:
908 1913 929 1974 l.
943 1913 966 1973 l.
995 1913 1106 1992 „quod
1136 1913 1162 1975 si
1181 1913 1241 1976 hoc
1261 1916 1322 1975 Lu·

130 2038 237 2110 cilius,
259 2039 313 2118 qui
334 2039 453 2119 primus
475 2037 616 2100 condidit
633 2037 695 2099 stili
714 2052 838 2109 nasum,
860 2007 1029 2098 dicendum
1048 2035 1107 2097 sibi
1132 2035 1273 2116 putavit3
1296 2035 1321 2102 sl

130 2148 240 2220 Cicero
259 2160 480 2235 mutuandum,
502 2160 686 2240 praesertim
700 2177 772 2222 eum
783 2159 824 2222 de
841 2157 1004 2238 republica
1018 2157 1202 2220 scriberet.”
1227 2159 1321 2220 Cuius

128 2280 190 2341 loci
214 2279 405 2343 ¹senteutiam
433 2281 472 2343 iis
501 2281 596 2344 fuisse
625 2281 827 2355 simillimam,
858 2298 940 2360 quae
972 2297 1067 2361 supra
1094 2299 1134 2342 ox
1162 2281 1320 2344 Ciceronis

127 2403 219 2464 libris
245 2403 285 2466 dc
315 2405 380 2465 Fiu.
409 2404 620 2476 laudavimus,
655 2403 748 2466 facile
780 2403 968 2478 credideris,
1002 2420 1073 2464 cum
1104 2408 1137 2464 ot
1165 2401 1263 2464 verba
1292 2409 1321 2463 et

129 2526 311 2587 doctissimis
329 2525 532 2600 antecedant,
554 2532 585 2587 et
604 2527 719 2586 iterum·
738 2526 838 2588 Mucii
856 2525 954 2587 Persii
975 2525 1090 2586 mentio
1110 2523 1164 2586 fiat
1175 2545 1184 2598 ;
1208 2524 1262 2587 sed
1280 2541 1319 2586 ox

128 2645 239 2708 iisdem
260 2647 354 2707 etiam
375 2648 563 2726 perspicitur
582 2647 643 2708 loci
663 2646 844 2720 diversitas,
872 2646 955 2726 quod
978 2665 1040 2708 non
1060 2649 1199 2710 Laelium
1221 2647 1320 2709 Deou-

127 2785 213 2827 mum
232 2767 288 2828 sed
309 2768 436 2844 lunium
458 2769 592 2846 Congum
614 2766 660 2826 illi
679 2767 840 2846 opposuit3
860 2767 930 2847 qui,
953 2768 1093 2846 quamvis
1113 2768 1238 2829 aliunde
1255 2787 1319 2830 non

127 2895 228 2950 notus.
246 2889 308 2962 sit,
336 2894 439 2950 tamen
466 2907 538 2953 nou.
553 2906 610 2968 pro
630 2887 739 2951 fictitio
765 2890 890 2954 nomine
910 2887 1080 2952 habendus
1101 2897 1157 2950 eat.
1198 2889 1236 2950 Et
1258 2887 1318 2950 hoc

125 3005 253 3090 quidem
266 3008 407 3090 inprimis
418 3011 452 3071 iu
466 3011 558 3102 laudo
572 3011 753 3091 ponendum
767 3019 826 3085 est,
846 3011 929 3092 quod
944 3011 1079 3074 Lucilius
1092 3027 1154 3072 non
1166 3013 1317 3073 Graecam

127 3133 275 3203 orationis
284 3131 643 3212 elegantiamadeetavit,
653 3134 708 3196 sed
717 3151 830 3214 purum
839 3135 926 3220 illum
934 3135 1187 3215 etineorruptum
1195 3101 1317 3214 priscae

126 3254 301 3317 Latinitatis
327 3256 463 3316 colorem
488 3255 520 3316 iu
540 3255 737 3318 ¹carminibus
760 3258 923 3336 expressit.
966 3256 1029 3318 litei
1059 3255 1141 3319 euim
1174 3255 1318 3319 Horatius

127 3376 244 3441 Lucilio
264 3383 296 3437 et
315 3376 375 3455 ipsi
399 3376 475 3438 vitio
495 3375 599 3452 dedit,
628 3377 710 3457 quod
732 3381 851 3440 Graeca
877 3378 974 3440 verba
1000 3378 1116 3440 Latinis
1146 3377 1315 3450 miscuerit,

126 3502 237 3586 tamen·
258 3495 338 3561 haee
367 3498 559 3580 negligentia
587 3499 680 3578 plane
712 3499 814 3562 aliena
843 3504 890 3559 est
920 3514 938 3558 a
967 3479 1076 3576 putida
1102 3497 1154 3558 illa
1178 3499 1316 3558 Graecae

126 3620 228 3698 poesis
247 3620 435 3696 imitatione,
458 3635 537 3700 quae
558 3637 621 3681 non
643 3620 734 3682 rnodo
754 3637 876 3683 omnem
895 3620 1035 3682 nativum
1055 3619 1205 3682 sermonis
1224 3619 1314 3698 lepo-

125 3758 192 3802 rem
214 3743 400 3824 corrumpit,
423 3742 479 3804 sed
498 3743 600 3822 ipsum
620 3743 737 3821 ingenii
758 3759 889 3804 acumen
909 3741 1038 3804 hebetat
1052 3747 1144 3822 atque
1159 3739 1313 3802 obtundit.

123 3863 169 3925 Ne
192 3863 260 3941 quis
282 3863 377 3946 igitur
403 3871 519 3926 statuat
547 3867 685 3927 Graecae
713 3867 817 3945 poesis
843 3864 978 3927 studium
1000 3869 1054 3925 aut
1081 3880 1099 3924 a
1124 3862 1241 3924 Lucilio
1262 3868 1317 3923 eut

124 3984 164 4046 ab
188 3985 255 4046 eius
275 3985 397 4060 amieis,
427 3989 588 4068 Scipione,
620 3988 741 4062 Laelio,
770 3987 884 4049 Rutilio
907 3986 1002 4048 inisse
1033 3986 1229 4064 neglectum3
1259 3983 1314 4045 sed
1346 4023 1348 4029 .

123 4109 215 4186 plane
235 4107 389 4170 diversam
408 4111 560 4172 rationem
581 4076 618 4172 eo
638 4116 763 4172 secutus
784 4115 847 4183 cst,
875 4107 958 4187 quod
980 4109 1170 4168 Graecorum
1189 4104 1315 4166 laudem

125 4231 290 4306 aemulari,
313 4249 375 4292 nou
396 4241 578 4311 operoseet
606 4235 697 4296 anxis
717 4231 849 4312 vestigia
879 4230 1002 4292 illorum
1022 4231 1128 4310 legere
1155 4226 1312 4289 studebat.

126 4354 259 4416 Stultum
278 4354 355 4417 illud
375 4354 566 4418 imitatorum
587 4373 699 4438 pecus,
722 4357 810 4419 cuius
828 4352 913 4416 haud
934 4353 1028 4416 dubie
1047 4353 1081 4416 ln
1100 4351 1179 4414 urbe
1201 4363 1312 4428 magua
