3242 5138
285 411 295 434 θ
336 451 387 516 ΒΕ
407 455 651 517 SINGULORUM
668 459 864 518 LIBRORUM
881 459 1138 522 cucumellum.
1266 479 1336 522 mx

148 603 267 669 niciosa
288 578 508 678 aurinis'sit}
523 604 582 666 cir,
603 604 643 666 ir.
665 603 728 667 inc.
750 605 799 666 59.
822 605 937 686 quippe
958 605 1154 686 qnodildem
1175 613 1269 688 atque
1287 623 1339 670 re·

146 727 295 809 ligionem
315 726 404 788 tollat
425 725 465 788 ir.
486 727 549 788 inc.
570 727 621 788 ll.
643 717 719 790 lude
739 728 822 789 enim
843 727 928 803 fieri,
949 735 985 790 ut
1003 730 1181 810 respublica
1197 729 1338 796 funditus

147 856 268 930 pereat.
290 850 351 912 cir.
374 850 413 910 sr.
439 849 514 912 incr
527 849 584 912 oo·
597 851 755 912 intereunt
776 850 922 913 labuntur
944 846 1055 916 contar
1078 855 1183 916 omnio
1202 871 1336 918 amount.

147 969 209 1036 S'ed
230 989 293 1036 non
313 973 465 1034 minorem
491 989 561 1034 esse
587 973 761 1051 perniciem
781 973 938 1048 luxuriae,
965 992 1004 1036 cx
1024 991 1085 1054 qna
1104 975 1238 1038 maxima
1256 978 1340 1039 mala

148 1094 308 1167 orientum
330 1065 376 1156 eo·
390 1093 550 1174 pertinere
569 1094 745 1174 putaverim
772 1095 811 1157 ir.
835 1094 886 1157 ut·
903 1095 952 1157 20.
976 1097 1023 1160 ul.
1045 1097 1112 1160 Lib.
1130 1099 1155 1161 l.
1196 1097 1257 1161 S'cd
1276 1098 1338 1162 boc

146 1216 277 1279 deorum
297 1216 461 1278 consilium
481 1219 518 1278 e'o
537 1215 662 1280 irritum
682 1213 785 1280 suisse'
798 1207 939 1292 ridetur,
961 1218 1044 1298 quod
1065 1227 1098 1280 et
1117 1219 1235 1302 lupiter
1248 1223 1339 1302 Opti-

146 1355 215 1401 mus
233 1339 387 1400 maximus
408 1337 534 1414 aberat,
564 1345 596 1401 et
618 1341 701 1402 inter
720 1341 803 1420 ipsos
824 1340 899 1402 deoc
919 1343 1129 1404 controversia
1150 1351 1256 1404 coorta
1279 1350 1337 1410 est.

147 1463 254 1539 Neque
274 1460 401 1523 infimae
415 1459 562 1523 videntur
575 1463 711 1541 Neptuni
729 1469 834 1541 partes
854 1463 960 1538 luisse,
975 1464 1093 1544 quippe
1105 1465 1159 1542 qui
1171 1465 1211 1527 de
1229 1483 1266 1528 re
1278 1465 1339 1528 dit-

147 1581 282 1644 licillima
298 1581 478 1664 disputans,
501 1583 637 1646 ostendit
657 1571 727 1645 non
740 1561 831 1665 posse
849 1585 882 1647 id
902 1586 1063 1665 explicari,
1086 1603 1148 1650 nec
1166 1589 1193 1650 si
1203 1590 1338 1650 Carnea-

147 1705 209 1768 den
231 1706 333 1786 ipsum
361 1697 463 1768 Orcus‘
488 1705 627 1768 remittat
652 1707 711 1769 cir.
732 1707 772 1768 ir.
788 1707 818 1768 8.
843 1673 910 1768 lib
933 1710 956 1769 l.
993 1709 1162 1772 Praeterea
1187 1710 1339 1789 Apollinis

147 1829 246 1890 oratio
261 1829 386 1914 videtur
402 1825 497 1922 inisse
516 1829 646 1902 intexta,
668 1829 784 1907 quippe
801 1829 854 1906 qui
873 1829 1005 1891 Pulcher
1024 1829 1086 1890 dici
1104 1831 1200 1892 nollet
1219 1831 1259 1892 ir.
1274 1831 1338 1894 inc.

148 1951 215 2014 lit.
256 1952 317 2013 sed
331 1951 470 2014 tortasse
491 1967 602 2012 omues
617 1955 744 2029 praeter
765 1952 869 2010 lovem
890 1948 941 2011 die
967 1951 1064 2030 priori
1083 1952 1216 2014 concilio
1237 1954 1338 2016 inter-

147 2063 275 2134 fuerunt
298 2072 357 2135 cir.
379 2059 418 2134 fr.
434 2074 464 2134 5.
505 2071 565 2134 Sed
594 2069 654 2132 hoo
674 2069 892 2140 videturesse
911 2071 1127 2148 manifestum,
1150 2073 1239 2136 inter
1264 2075 1339 2138 deos

146 2196 360 2258 consultantes
380 2211 447 2256 rem
466 2212 530 2257 nou
553 2193 755 2269 convenisse,
783 2195 827 2255 ita
850 2202 885 2286 ut
911 2194 1012 2256 omnia
1033 2193 1074 2256 ad
1100 2196 1205 2256 lovem
1222 2197 1337 2260 reiice-

147 2323 235 2392 rent,
257 2318 311 2396 qui
331 2319 407 2379 alios
423 2314 580 2393 laudavit,
605 2318 681 2380 alios
699 2313 920 2399 reprehendit,
941 2317 974 2379 id
993 2316 1078 2396 quod
1096 2307 1337 2383 exicidium

146 2439 349 2520 intelligitur:
366 2440 503 2506 Concilio
514 2442 641 2520 antiquo
655 2442 777 2520 capiens
790 2442 841 2501 cir
851 2439 927 2502 sotcc’
940 2439 1050 2519 scirid'
1065 2447 1228 2520 praeterea
1242 2440 1338 2517 dolet,

147 2562 229 2641 quod
244 2563 341 2642 priori
354 2563 487 2626 concilio
499 2563 655 2626 iuteresse
669 2561 847 2642 nequiverit
858 2569 891 2623 et
903 2559 963 2622 hcc
978 2557 1016 2623 de
1028 2579 1063 2624 re
1073 2562 1113 2624 de
1125 2563 1248 2646 integro
1261 2562 1339 2628 delt-

145 2684 320 2748 herandum
347 2690 418 2748 'esse
446 2691 564 2747 censet.
604 2687 724 2747 Novum
749 2685 809 2746 hoc
837 2684 998 2745 consilium
1021 2685 1162 2764 inprimis
1187 2701 1283 2765 opera
1307 2692 1341 2748 et

146 2805 251 2868 studio
284 2805 618 2868 lunonisinstitutum
646 2804 741 2868 luisse
771 2795 911 2881 videtur,
941 2806 1057 2886 quippe
1083 2822 1164 2886 quae
1193 2807 1244 2868 vel
1273 2813 1340 2868 tum

146 2928 265 2990 nomini
280 2930 418 2991 Romano
434 2927 525 3003 irata,
547 2943 666 3009 poenos
678 2928 836 2990 scelerum·
852 2933 1009 2992 tantorum
1029 2911 1175 2994 ancxiis
1187 2931 1342 3008 repetem.

147 3051 203 3112 das
230 3067 298 3114 esse
324 3053 500 3114 censuerat.
549 3050 650 3129 Quam
678 3048 718 3112 ad
748 3067 815 3114 rem
842 3047 1038 3112 alliciendam
1065 3051 1159 3114 variis
1182 3049 1341 3114 illecebris

146 3191 203 3238 usa
228 3193 295 3238 esse
321 3174 456 3248 videtur,
483 3191 544 3253 quo
563 3173 692 3236 lucilius
717 3163 960 3236 lorissanimum
989 3174 1162 3254 pelliceret.
1202 3175 1278 3253 Quo
1299 3193 1338 3238 er

148 3297 302 3377 colloquio
326 3315 435 3360 versus
458 3297 516 3360 illc
539 3296 644 3358 lrnld.
667 3299 701 3357 L.
715 3299 740 3358 l.
763 3304 930 3378 excerptus
944 3287 1020 3360 ¹esse
1041 3296 1183 3372 ridetur,
1208 3299 1263 3359 uhi
1288 3301 1339 3360 lu-

148 3421 230 3501 piter
249 3422 347 3484 omnis
367 3421 446 3484 alius
466 3421 513 3483 rei
531 3409 694 3482 immemor
714 3419 792 3482 nibil
812 3418 897 3483 aliud
923 3393 1017 3498 qnam
1038 3421 1163 3481 lunonis
1187 3420 1339 3482 concubi-

149 3549 214 3604 tum
232 3544 321 3624 petit.
344 3543 403 3606 cir.
417 3543 512 3608 iliad.
531 3544 612 3605 xlv.
627 3542 779 3604 tol-out
792 3562 801 3615 ς
815 3541 879 3604 ,sed
897 3539 959 3602 boc
977 3541 1022 3602 ita
1040 3540 1233 3603 intellectum
1255 3542 1336 3618 volo,

147 3673 183 3728 ut
203 3683 266 3727 non
285 3667 386 3731 minus
405 3666 568 3748 probabile
589 3682 657 3729 esse
675 3664 865 3739 concedam,
885 3665 918 3736 si
944 3665 1021 3726 luno
1041 3663 1155 3726 amoris
1172 3643 1339 3728 illecebras

148 3785 328 3851 adhibuisse
353 3791 506 3871 tingatur,
537 3806 576 3851 ne
601 3789 720 3868 lupiter
750 3787 848 3868 priori
877 3788 1009 3853 concilio
1038 3789 1189 3855 interesse
1221 3797 1336 3871 posset.

148 3887 307 3990 Quicquid
331 3911 364 3973 id
387 3919 452 3987 est,
479 3911 540 3975 hoc
560 3927 657 3974 unum
676 3911 750 3974 satis
771 3917 891 3974 certum
910 3920 1004 3991 puto,
1034 3912 1093 3974 diis
1112 3911 1282 3992 placuisse,
1303 3922 1340 3975 ut

149 4041 195 4096 tot
224 4007 445 4112 tantorumque
475 4017 627 4098 scelerum
659 4035 747 4113 quasi
784 4035 908 4115 piacula
941 4036 977 4095 P.
1003 4033 1163 4096 Cornelius
1191 4035 1339 4110 Lentulus

148 4157 269 4236 Lupus,
302 4158 337 4218 b.
359 4141 502 4237 Papirius
521 4157 623 4218 Carbo
647 4163 680 4220 et
705 4158 738 4217 C.
760 4156 907 4218 llostilius
929 4155 1069 4217 Tubulus
1092 4171 1112 4230 a
1138 4157 1253 4236 populo
1276 4157 1339 4218 llo·

149 4289 240 4340 mano
261 4283 473 4363 exigerentur.
495 4275 535 4341 fr.
551 4281 589 4341 -ἱι,
610 4279 677 4342 Lib.
700 4281 725 4342 l.
765 4281 802 4340 Et
821 4273 969 4341 Lentulus
988 4277 1114 4356 quidem
1133 4279 1185 4340 ille
1204 4279 1339 4358 primurn

98 4461 104 4474 ,
148 4402 326 4466 nominatur
346 4421 364 4466 a
383 4404 470 4467 Livio
490 4403 593 4466 XblV.
607 4403 657 4466 bd.
685 4403 802 4484 quippe
823 4401 876 4481 qui
896 4419 967 4464 enm
987 4403 1078 4464 simul
1098 4419 1169 4464 cum
1189 4400 1228 4478 Q.
1244 4397 1339 4460 Fabio

182 4525 262 4570 ‚nucu
273 4528 345 4580 ιι...
1103 4523 1124 4584 d
