3242 5138
499 413 549 490 an
567 429 749 491 sausoure
767 432 990 494 mererium

179 621 181 628 ,
222 607 225 616 =
308 566 364 640 ilic
387 577 442 640 ubi
462 578 618 656 nequibas
640 577 816 648 fautoribus
832 585 866 640 et
888 579 1003 642 timidis
1023 580 1067 640 nil

306 701 368 762 Aut
388 700 513 778 paulum
535 699 724 772 abstulerat,
746 701 868 781 patinas
888 702 1041 764 coenabat
1059 703 1153 765 omasi
1243 711 1245 714 ’

305 820 386 882 Vilis
401 829 432 883 et
451 823 600 902 agninae,
623 822 723 884 tribus
742 823 822 886 ursis
842 823 925 903 quad
945 824 1019 886 satis
1042 831 1133 887 esset.
1186 849 1189 854 ·

210 943 299 1020 Quae
312 943 436 1024 quidem
451 945 572 1022 prolixa
587 951 679 1022 atque
693 943 824 1006 verhosa
837 912 969 1008 huminis
983 946 1162 1026 nequissimi
1173 941 1341 1028 descriptio

152 1063 231 1126 mibi
258 1072 320 1126 tcta
349 1083 392 1157 err
417 1065 536 1128 Lucilio
566 1082 711 1146 expressa
741 1083 811 1128 esse
839 1065 972 1140 videtur,
999 1084 1019 1128 a
1048 1086 1109 1147 quo
1130 1069 1194 1130 solo
1214 1071 1372 1132 auctore'

153 1185 317 1266 haee-peti
338 1193 491 1266 poterant.
532 1188 634 1248 Facile
657 1188 739 1249 enim
761 1193 807 1248 est
829 1188 869 1249 ad
892 1188 1147 1269 intelligendum,
1177 1190 1256 1252 baec
1277 1208 1342 1251 om-

152 1309 204 1370 nia
223 1309 266 1369 ita
287 1309 333 1384 ab¹
346 1307 471 1371 llaratio
492 1309 650 1382 enarrari,
672 1316 708 1370 ut
727 1327 789 1371 non
809 1310 927 1389 primus
950 1328 986 1372 ea
1008 1311 1178 1375 memoriae
1195 1311 1341 1390 prodere,

152 1430 215 1494 sed·
227 1431 346 1509 potius,
370 1433 602 1510 tanquamelim
617 1433 742 1512 vulgata
764 1432 796 1492 in
810 1433 991 1495 memoriam
1005 1433 1180 1512 aequalium
1193 1449 1342 1496 revocare

152 1551 286 1614 studeat.
307 1552 514 1634 fragmentum
528 1553 719 1638 Lucilianum
735 1537 831 1634 igitur
851 1555 913 1620 inc.
929 1555 1003 1616 lot..
1018 1557 1157 1618 Maenius
1170 1556 1342 1618 columnam

152 1681 365 1754 competeret,
387 1691 426 1736 ex
447 1675 532 1736 varia
553 1675 620 1737 eius
640 1675 721 1736 vitae
747 1675 894 1737 memoria
916 1663 1098 1756 excerptum
1119 1693 1186 1738 essa
1206 1676 1341 1742 videtur.

150 1795 210 1861 eir.
239 1796 332 1858 etiam
359 1797 432 1858 lior.
453 1799 485 1858 S.
506 1799 530 1858 l.
546 1797 574 1856 5.
590 1797 639 1858 al.
670 1799 809 1858 Maenius
835 1797 986 1858 absentem
1008 1799 1139 1860 Nauium
1171 1817 1239 1859 erem
1270 1816 1342 1860 enr-

148 1927 252 1997 peret,
272 1925 335 1980 eie.
360 1918 475 1983 Eadem
496 1917 652 1978 astralia
665 1933 774 1978 versus
794 1917 953 1978 lloratiani
973 1919 1003 1982 S.
1021 1919 1058 1978 ll.
1075 1919 1101 1978 l.
1119 1915 1166 1978 99.
1190 1919 1343 1984 Pentate-

153 2039 224 2122 bum
244 2055 384 2100 scurram
404 2038 683 2118 Nomentanumque
701 2047 853 2118 nepetam,
870 2057 992 2118 xquens.
1003 2039 1129 2118 quidem
1156 2057 1286 2120 versum
1303 2039 1343 2109 ad

154 2159 387 2244 diligentiorem
415 2158 585 2222 eorundem
616 2156 781 2260 bominum
812 2160 1020 2236 notationem,
1058 2178 1150 2238 quam
1181 2177 1198 2222 a
1227 2162 1344 2239 Luciliu

152 2282 267 2347 factam
286 2299 353 2346 esse
376 2282 557 2356 statuimus,
572 2283 737 2362 pertinere
760 2284 863 2346 nullus
883 2283 1003 2344 dubito.
1043 2283 1111 2344 Non
1131 2282 1227 2364 igitur
1246 2283 1343 2362 ipsius

151 2405 250 2466 Lucili
270 2404 365 2466 verba
386 2411 476 2485 puto,
500 2404 582 2484 quod
604 2406 714 2484 aliquis
735 2423 774 2466 ex
800 2405 855 2479 iis,
887 2421 967 2484 quiae
988 2404 1133 2466 adnotavi
1158 2403 1197 2466 ad
1217 2403 1257 2466 ir.
1278 2405 1341 2469 luc.

152 2544 185 2606 p.
202 2525 268 2588 ldb.
286 2527 331 2588 l8.
354 2527 516 2600 coniiciat,
538 2528 594 2590 sed
616 2527 739 2589 illorum
759 2525 883 2587 uomina
904 2526 977 2588 inde
998 2539 1014 2587 a
1036 2527 1145 2592 Lucilii
1164 2533 1269 2588 aetate
1289 2527 1345 2590 de-

153 2655 279 2711 cantata
302 2621 407 2710 luisse*
431 2648 590 2722 existimo,
606 2673 607 2679 ¹
621 2648 679 2712 eir.
709 2649 783 2708 lior.
805 2648 921 2709 1.‚l.8.
938 2649 985 2707 ll.
1019 2645 1189 2710 Pantolabo
1219 2665 1344 2710 scurrae

152 2769 401 2847 Nomentanoque
420 2770 532 2847 nepoti.
573 2771 649 2830 Rern
669 2765 855 2830 confirmant
874 2767 971 2830 verba
993 2768 1128 2841 Horatii,
1150 2785 1230 2848 quae
1250 2785 1345 2849 supra

152 2887 279 2950 laudata
306 2897 394 2963 sunt,
426 2899 490 2964 „ut
521 2892 623 2951 vicum
652 2892 792 2954 menan
822 2863 876 2952 aut
904 2889 1143 2952 Nomentanus.”
1192 2891 1221 2950 ls
1249 2889 1345 2968 igitur

152 3012 272 3076 tertius
284 3018 331 3072 est
351 3011 515 3074 habendus
529 3029 568 3072 ex
581 3029 676 3092 grege
691 3013 745 3076 illu
758 3012 951 3092 gumiarum,
973 3029 1106 3090 quorum
1120 3011 1215 3074 vitam
1228 3026 1345 3074 mores·

152 3151 213 3214 que
236 3132 370 3196 Lucilius
390 3131 591 3196 adumbrasse
615 3133 762 3196 videtur..
779 3151 872 3214 quam
891 3133 931 3195 ob
952 3149 1018 3198 rem
1045 3133 1189 3197 Horatius
1210 3131 1344 3194 eundem

152 3256 213 3316 alio
239 3257 307 3316 loco
333 3262 441 3335 aperte
468 3271 538 3316 cum
565 3256 689 3334 luxuria
715 3255 891 3336 coniungit,
919 3254 977 3316 eir.
1000 3256 1030 3316 Sr.
1048 3256 1084 3316 ll.
1101 3255 1129 3316 ὅ.
1146 3254 1215 3315 iile.
1255 3231 1344 3316 Nune

152 3395 207 3458 ape
234 3359 391 3438 luxuriam
417 3384 445 3438 et
470 3377 692 3446 Nomentanum
721 3377 825 3456 arripe
845 3393 970 3438 meatem.
998 3376 1170 3454 eademque
1191 3375 1230 3436 de
1250 3392 1344 3438 eausa

152 3500 271 3562 Seneca
291 3498 330 3560 de
351 3499 414 3560 vita
434 3497 574 3560 beatae.
595 3499 642 3559 ll.
669 3498 755 3592 illum
775 3517 846 3560 cum
867 3497 975 3577 Apicio
995 3497 1164 3576 componit.
1187 3496 1245 3557 cir.
1268 3496 1341 3558 lior.

153 3622 183 3683 S.
199 3622 237 3680 ll.
253 3622 283 3682 9.
299 3622 364 3683 llo.
401 3621 487 3682 Facit
510 3621 576 3682 eius
606 3620 796 3683 mentionem
823 3619 958 3684 Lucilius
987 3619 1055 3682 loeo
1081 3618 1137 3678 illo
1161 3616 1343 3686 difficillimo

152 3739 220 3801 Lib.
241 3742 278 3801 ll.
299 3741 339 3803 ir.
360 3743 406 3804 ll.
431 3743 492 3820 Qui
512 3751 537 3804 ta
556 3742 765 3823 Nomentana!
785 3719 901 3806 malum
918 3744 982 3802 iem
1002 3749 1119 3805 caetera
1136 3740 1269 3820 perdat!
1289 3739 1344 3802 ubi

152 3863 236 3924 Dusa
260 3879 317 3940 pro
337 3873 470 3937 caetera,
493 3864 577 3944 quod
596 3864 629 3924 in
648 3864 815 3940 librisest,
839 3881 1010 3944 querquera,
1027 3861 1255 3930 emendandum
1275 3879 1342 3924 esse

151 3961 315 4044 statuerat.
357 3985 416 4046 Sed
442 3986 468 4047 si
500 3985 574 4064 quid
602 3986 784 4050 mutandum
812 3993 877 4060 est,
907 4002 964 4064 ago
995 3985 1121 4065 quidem
1150 3983 1342 4064 reposuerim

152 4105 215 4164 iam
236 4106 271 4164 in
292 4107 445 4182 teuepore”
474 4073 568 4198 quold-
585 4109 641 4168 toti
667 4108 840 4168 sententiae
868 4107 979 4168 melius
1008 4107 1177 4168 convenire
1207 4105 1341 4175 videtur.

152 4225 213 4288 Sed
233 4232 392 4314 utcunque
419 4225 472 4288 bic
495 4229 581 4292 loeus
607 4229 791 4317 emendatus
810 4229 923 4302 luerit,
954 4225 1017 4290 boc
1039 4229 1253 4292 satisdantem
1275 4234 1342 4288 esse

152 4344 294 4424 ridetur,
324 4348 509 4414 Nomentani
537 4352 726 4422 mentionem
757 4368 775 4415 a
805 4349 925 4415 Lucilio
951 4350 1065 4414 betam
1098 4349 1204 4420 luisse
1245 4349 1344 4412 Recte
