<?xml version="1.0" encoding="UTF-8"?>
<!DOCTYPE html PUBLIC "-//W3C//DTD XHTML 1.0 Transitional//EN"
    "http://www.w3.org/TR/xhtml1/DTD/xhtml1-transitional.dtd">
<html xmlns="http://www.w3.org/1999/xhtml" xml:lang="en" lang="en">
 <head>
  <title>
</title>
<meta http-equiv="Content-Type" content="text/html;charset=utf-8" />
  <meta name='ocr-system' content='tesseract 3.04.00' />
  <meta name='ocr-capabilities' content='ocr_page ocr_carea ocr_par ocr_line ocrx_word'/>
</head>
<body>
  <div class='ocr_page' id='page_1' title='image "./cluciliisaturar00lucigoog_0090.png"; bbox 0 0 3286 5126; ppageno 0'>
   <div class='ocr_carea' id='block_1_1' title="bbox 364 403 1367 474">
    <p class='ocr_par' dir='ltr' id='par_1_1' title="bbox 364 403 1367 474">
     <span class='ocr_line' id='line_1_1' title="bbox 364 403 1367 474; baseline 0.008 -8"><span class='ocrx_word' id='word_1_1' title='bbox 364 407 416 466; x_wconf 70' lang='lat' dir='ltr'><strong>DE</strong></span> <span class='ocrx_word' id='word_1_2' title='bbox 435 403 678 466; x_wconf 69' lang='lat' dir='ltr'><strong>SINGULORUM</strong></span> <span class='ocrx_word' id='word_1_3' title='bbox 694 405 892 466; x_wconf 70' lang='lat' dir='ltr'><strong>frenosum</strong></span> <span class='ocrx_word' id='word_1_4' title='bbox 909 407 1166 472; x_wconf 68' lang='lat' dir='ltr'><strong>nudandum</strong></span> <span class='ocrx_word' id='word_1_5' title='bbox 1283 431 1367 474; x_wconf 77' lang='lat' dir='ltr'><strong>uara</strong></span> 
     </span>
    </p>
   </div>
   <div class='ocr_carea' id='block_1_2' title="bbox 174 553 1368 990">
    <p class='ocr_par' dir='ltr' id='par_1_2' title="bbox 174 553 1368 990">
     <span class='ocr_line' id='line_1_2' title="bbox 174 553 1366 640; baseline 0.006 -24"><span class='ocrx_word' id='word_1_6' title='bbox 174 555 227 616; x_wconf 88' lang='lat' dir='ltr'><strong>ilia</strong></span> <span class='ocrx_word' id='word_1_7' title='bbox 248 554 404 616; x_wconf 73' lang='lat' dir='ltr'><strong>illustrare</strong></span> <span class='ocrx_word' id='word_1_8' title='bbox 427 569 490 619; x_wconf 87' lang='lat' dir='ltr'><strong>nen</strong></span> <span class='ocrx_word' id='word_1_9' title='bbox 511 570 590 634; x_wconf 89' lang='lat' dir='ltr'><strong>epus</strong></span> <span class='ocrx_word' id='word_1_10' title='bbox 609 573 677 618; x_wconf 84' lang='lat' dir='ltr'><strong>esse</strong></span> <span class='ocrx_word' id='word_1_11' title='bbox 697 553 852 618; x_wconf 82' lang='lat' dir='ltr'><strong>videatur.</strong></span> <span class='ocrx_word' id='word_1_12' title='bbox 893 557 1001 618; x_wconf 77' lang='lat' dir='ltr'><strong>Restat</strong></span> <span class='ocrx_word' id='word_1_13' title='bbox 1016 563 1052 620; x_wconf 90' lang='lat' dir='ltr'><strong>ut</strong></span> <span class='ocrx_word' id='word_1_14' title='bbox 1068 559 1200 635; x_wconf 83' lang='lat' dir='ltr'><strong>addam,</strong></span> <span class='ocrx_word' id='word_1_15' title='bbox 1220 577 1301 640; x_wconf 82' lang='lat' dir='ltr'><strong>quse</strong></span> <span class='ocrx_word' id='word_1_16' title='bbox 1314 561 1366 622; x_wconf 85' lang='lat' dir='ltr'><strong>atii</strong></span> 
     </span>
     <span class='ocr_line' id='line_1_3' title="bbox 175 657 1367 760; baseline 0.005 -20"><span class='ocrx_word' id='word_1_17' title='bbox 175 677 215 740; x_wconf 85' lang='lat' dir='ltr'><strong>de</strong></span> <span class='ocrx_word' id='word_1_18' title='bbox 235 676 346 740; x_wconf 89' lang='lat' dir='ltr'><strong>eedem</strong></span> <span class='ocrx_word' id='word_1_19' title='bbox 366 676 545 738; x_wconf 87' lang='lat' dir='ltr'><strong>iudicarint.</strong></span> <span class='ocrx_word' id='word_1_20' title='bbox 587 679 624 740; x_wconf 82' lang='lat' dir='ltr'><strong>iit</strong></span> <span class='ocrx_word' id='word_1_21' title='bbox 643 675 848 740; x_wconf 82' lang='lat' dir='ltr'><strong>Schoenbeek</strong></span> <span class='ocrx_word' id='word_1_22' title='bbox 867 657 993 757; x_wconf 89' lang='lat' dir='ltr'><strong>quidem</strong></span> <span class='ocrx_word' id='word_1_23' title='bbox 1014 688 1106 760; x_wconf 84' lang='lat' dir='ltr'><strong>atque</strong></span> <span class='ocrx_word' id='word_1_24' title='bbox 1125 684 1193 745; x_wconf 87' lang='lat' dir='ltr'><strong>Van</strong></span> <span class='ocrx_word' id='word_1_25' title='bbox 1215 681 1367 746; x_wconf 84' lang='lat' dir='ltr'><strong>fieusdius</strong></span> 
     </span>
     <span class='ocr_line' id='line_1_4' title="bbox 175 798 1368 885; baseline 0.004 -23"><span class='ocrx_word' id='word_1_26' title='bbox 175 798 252 862; x_wconf 87' lang='lat' dir='ltr'><strong>nihii</strong></span> <span class='ocrx_word' id='word_1_27' title='bbox 273 801 366 879; x_wconf 89' lang='lat' dir='ltr'><strong>piane</strong></span> <span class='ocrx_word' id='word_1_28' title='bbox 390 798 688 862; x_wconf 74' lang='lat' dir='ltr'><strong>animaduerterunt.</strong></span> <span class='ocrx_word' id='word_1_29' title='bbox 723 803 890 863; x_wconf 83' lang='lat' dir='ltr'><strong>Peterman</strong></span> <span class='ocrx_word' id='word_1_30' title='bbox 911 811 1014 864; x_wconf 84' lang='lat' dir='ltr'><strong>autern</strong></span> <span class='ocrx_word' id='word_1_31' title='bbox 1028 821 1172 885; x_wconf 87' lang='lat' dir='ltr'><strong>maguam</strong></span> <span class='ocrx_word' id='word_1_32' title='bbox 1192 804 1368 883; x_wconf 84' lang='lat' dir='ltr'><strong>argumenti</strong></span> 
     </span>
     <span class='ocr_line' id='line_1_5' title="bbox 175 919 1368 990; baseline 0.005 -7"><span class='ocrx_word' id='word_1_33' title='bbox 175 923 360 986; x_wconf 88' lang='lat' dir='ltr'><strong>varietatem</strong></span> <span class='ocrx_word' id='word_1_34' title='bbox 385 919 445 982; x_wconf 88' lang='lat' dir='ltr'><strong>hoe</strong></span> <span class='ocrx_word' id='word_1_35' title='bbox 471 922 503 983; x_wconf 92' lang='lat' dir='ltr'><strong>in</strong></span> <span class='ocrx_word' id='word_1_36' title='bbox 530 921 612 984; x_wconf 84' lang='lat' dir='ltr'><strong>libro</strong></span> <span class='ocrx_word' id='word_1_37' title='bbox 631 923 733 984; x_wconf 81' lang='lat' dir='ltr'><strong>inesse</strong></span> <span class='ocrx_word' id='word_1_38' title='bbox 753 923 841 986; x_wconf 86' lang='lat' dir='ltr'><strong>vidit.</strong></span> <span class='ocrx_word' id='word_1_39' title='bbox 875 923 1013 986; x_wconf 82' lang='lat' dir='ltr'><strong>Primum</strong></span> <span class='ocrx_word' id='word_1_40' title='bbox 1038 925 1121 986; x_wconf 85' lang='lat' dir='ltr'><strong>enirn</strong></span> <span class='ocrx_word' id='word_1_41' title='bbox 1141 926 1293 988; x_wconf 75' lang='lat' dir='ltr'>Lucilium</span> <span class='ocrx_word' id='word_1_42' title='bbox 1312 925 1368 990; x_wconf 73' lang='lat' dir='ltr'><strong>ee·</strong></span> 
     </span>
    </p>
   </div>
   <div class='ocr_carea' id='block_1_3' title="bbox 174 1036 1397 1133">
    <p class='ocr_par' dir='ltr' id='par_1_3' title="bbox 174 1036 1397 1133">
     <span class='ocr_line' id='line_1_6' title="bbox 174 1036 1397 1133; baseline 0.002 -28"><span class='ocrx_word' id='word_1_43' title='bbox 174 1045 312 1124; x_wconf 74' lang='lat' dir='ltr'><strong>pinxisse</strong></span> <span class='ocrx_word' id='word_1_44' title='bbox 332 1044 432 1107; x_wconf 88' lang='lat' dir='ltr'><strong>videri</strong></span> <span class='ocrx_word' id='word_1_45' title='bbox 456 1059 622 1106; x_wconf 78' lang='lat' dir='ltr'><strong>aerumnas</strong></span> <span class='ocrx_word' id='word_1_46' title='bbox 641 1044 725 1106; x_wconf 85' lang='lat' dir='ltr'><strong>vitae</strong></span> <span class='ocrx_word' id='word_1_47' title='bbox 746 1036 927 1133; x_wconf 82' lang='lat' dir='ltr'><strong>coniugalis,</strong></span> <span class='ocrx_word' id='word_1_48' title='bbox 961 1063 1028 1108; x_wconf 89' lang='lat' dir='ltr'><strong>nec·</strong></span> <span class='ocrx_word' id='word_1_49' title='bbox 1046 1065 1108 1110; x_wconf 90' lang='lat' dir='ltr'><strong>neu</strong></span> <span class='ocrx_word' id='word_1_50' title='bbox 1133 1048 1366 1110; x_wconf 84' lang='lat' dir='ltr'><strong>altercationem</strong></span> <span class='ocrx_word' id='word_1_51' title='bbox 1390 1115 1397 1129; x_wconf 50' lang='grc'><em>,</em></span> 
     </span>
    </p>
   </div>
   <div class='ocr_carea' id='block_1_4' title="bbox 102 1165 1375 4428">
    <p class='ocr_par' dir='ltr' id='par_1_4' title="bbox 132 1165 1369 2224">
     <span class='ocr_line' id='line_1_7' title="bbox 174 1165 1368 1249; baseline 0.003 -21"><span class='ocrx_word' id='word_1_52' title='bbox 174 1167 236 1229; x_wconf 84' lang='lat' dir='ltr'><strong>viri</strong></span> <span class='ocrx_word' id='word_1_53' title='bbox 254 1167 405 1248; x_wconf 88' lang='lat' dir='ltr'><strong>iurgantis</strong></span> <span class='ocrx_word' id='word_1_54' title='bbox 425 1183 496 1228; x_wconf 88' lang='lat' dir='ltr'><strong>cum</strong></span> <span class='ocrx_word' id='word_1_55' title='bbox 519 1183 615 1227; x_wconf 80' lang='lat' dir='ltr'><strong>anone</strong></span> <span class='ocrx_word' id='word_1_56' title='bbox 625 1186 634 1239; x_wconf 93' lang='lat'>;</span> <span class='ocrx_word' id='word_1_57' title='bbox 667 1165 723 1228; x_wconf 89' lang='lat' dir='ltr'><strong>sed</strong></span> <span class='ocrx_word' id='word_1_58' title='bbox 742 1165 783 1228; x_wconf 92' lang='lat' dir='ltr'><strong>de</strong></span> <span class='ocrx_word' id='word_1_59' title='bbox 803 1167 931 1248; x_wconf 85' lang='lat' dir='ltr'><strong>reliquis</strong></span> <span class='ocrx_word' id='word_1_60' title='bbox 950 1167 1132 1249; x_wconf 76' lang='lat' dir='ltr'><strong>fragmentis</strong></span> <span class='ocrx_word' id='word_1_61' title='bbox 1151 1169 1368 1234; x_wconf 84' lang='lat' dir='ltr'><strong>difficile-esse</strong></span> 
     </span>
     <span class='ocr_line' id='line_1_8' title="bbox 178 1287 1369 1369; baseline 0.002 -19"><span class='ocrx_word' id='word_1_62' title='bbox 178 1288 260 1350; x_wconf 84' lang='lat' dir='ltr'><strong>corti</strong></span> <span class='ocrx_word' id='word_1_63' title='bbox 274 1287 398 1366; x_wconf 81' lang='lat' dir='ltr'><strong>aliquid</strong></span> <span class='ocrx_word' id='word_1_64' title='bbox 419 1295 577 1354; x_wconf 75' lang='lat' dir='ltr'><strong>statuere:</strong></span> <span class='ocrx_word' id='word_1_65' title='bbox 600 1305 743 1369; x_wconf 85' lang='lat' dir='ltr'><strong>magnam</strong></span> <span class='ocrx_word' id='word_1_66' title='bbox 765 1289 847 1350; x_wconf 90' lang='lat' dir='ltr'><strong>enim</strong></span> <span class='ocrx_word' id='word_1_67' title='bbox 867 1289 1090 1356; x_wconf 80' lang='lat' dir='ltr'><strong>sententiarum</strong></span> <span class='ocrx_word' id='word_1_68' title='bbox 1112 1290 1323 1354; x_wconf 80' lang='lat' dir='ltr'><strong>diversitatem</strong></span> <span class='ocrx_word' id='word_1_69' title='bbox 1336 1292 1369 1352; x_wconf 87' lang='lat' dir='ltr'><strong>iu</strong></span> 
     </span>
     <span class='ocr_line' id='line_1_9' title="bbox 175 1410 1369 1504; baseline 0.003 -32"><span class='ocrx_word' id='word_1_70' title='bbox 175 1411 214 1478; x_wconf 82' lang='lat' dir='ltr'><strong>iis</strong></span> <span class='ocrx_word' id='word_1_71' title='bbox 233 1411 389 1491; x_wconf 85' lang='lat' dir='ltr'><strong>conspici,</strong></span> <span class='ocrx_word' id='word_1_72' title='bbox 414 1411 457 1475; x_wconf 85' lang='lat' dir='ltr'><strong>ita</strong></span> <span class='ocrx_word' id='word_1_73' title='bbox 477 1419 513 1472; x_wconf 89' lang='lat' dir='ltr'><strong>ut</strong></span> <span class='ocrx_word' id='word_1_74' title='bbox 531 1411 686 1490; x_wconf 88' lang='lat' dir='ltr'><strong>quemodo</strong></span> <span class='ocrx_word' id='word_1_75' title='bbox 703 1412 824 1493; x_wconf 87' lang='lat' dir='ltr'><strong>singule</strong></span> <span class='ocrx_word' id='word_1_76' title='bbox 845 1410 1063 1504; x_wconf 83' lang='lat' dir='ltr'><strong>coniungenda</strong></span> <span class='ocrx_word' id='word_1_77' title='bbox 1088 1412 1167 1488; x_wconf 89' lang='lat' dir='ltr'><strong>sint,</strong></span> <span class='ocrx_word' id='word_1_78' title='bbox 1198 1413 1369 1476; x_wconf 86' lang='lat' dir='ltr'><strong>decernere</strong></span> 
     </span>
     <span class='ocr_line' id='line_1_10' title="bbox 175 1533 1368 1628; baseline 0.003 -34"><span class='ocrx_word' id='word_1_79' title='bbox 175 1549 237 1594; x_wconf 90' lang='lat' dir='ltr'><strong>non</strong></span> <span class='ocrx_word' id='word_1_80' title='bbox 267 1550 360 1596; x_wconf 86' lang='lat' dir='ltr'><strong>ausus</strong></span> <span class='ocrx_word' id='word_1_81' title='bbox 389 1534 440 1596; x_wconf 88' lang='lat' dir='ltr'><strong>sit.</strong></span> <span class='ocrx_word' id='word_1_82' title='bbox 489 1534 559 1596; x_wconf 88' lang='lat' dir='ltr'><strong>Sed.</strong></span> <span class='ocrx_word' id='word_1_83' title='bbox 573 1535 735 1614; x_wconf 85' lang='lat' dir='ltr'><strong>Corpetius</strong></span> <span class='ocrx_word' id='word_1_84' title='bbox 763 1535 848 1598; x_wconf 85' lang='lat' dir='ltr'><strong>haue</strong></span> <span class='ocrx_word' id='word_1_85' title='bbox 874 1535 999 1596; x_wconf 83' lang='lat' dir='ltr'><strong>satiram</strong></span> <span class='ocrx_word' id='word_1_86' title='bbox 1020 1533 1268 1628; x_wconf 74' lang='lat' dir='ltr'><strong>philosophicam</strong></span> <span class='ocrx_word' id='word_1_87' title='bbox 1301 1553 1368 1598; x_wconf 86' lang='lat' dir='ltr'><strong>esse</strong></span> 
     </span>
     <span class='ocr_line' id='line_1_11' title="bbox 175 1654 1365 1738; baseline 0.003 -20"><span class='ocrx_word' id='word_1_88' title='bbox 175 1655 346 1730; x_wconf 69' lang='lat' dir='ltr'><strong>arnonas,</strong></span> <span class='ocrx_word' id='word_1_89' title='bbox 379 1657 413 1718; x_wconf 88' lang='lat' dir='ltr'><strong>in</strong></span> <span class='ocrx_word' id='word_1_90' title='bbox 440 1674 539 1737; x_wconf 88' lang='lat' dir='ltr'><strong>eaque</strong></span> <span class='ocrx_word' id='word_1_91' title='bbox 563 1657 704 1720; x_wconf 84' lang='lat' dir='ltr'><strong>miserias</strong></span> <span class='ocrx_word' id='word_1_92' title='bbox 732 1654 997 1734; x_wconf 78' lang='lat' dir='ltr'><strong>vitaehumanae</strong></span> <span class='ocrx_word' id='word_1_93' title='bbox 1022 1663 1148 1735; x_wconf 83' lang='lat' dir='ltr'><strong>poetam</strong></span> <span class='ocrx_word' id='word_1_94' title='bbox 1174 1655 1365 1738; x_wconf 84' lang='lat' dir='ltr'><strong>deplorasse,</strong></span> 
     </span>
     <span class='ocr_line' id='line_1_12' title="bbox 173 1776 1368 1860; baseline 0.002 -22"><span class='ocrx_word' id='word_1_95' title='bbox 173 1778 275 1858; x_wconf 88' lang='lat' dir='ltr'><strong>ipsum</strong></span> <span class='ocrx_word' id='word_1_96' title='bbox 309 1778 491 1860; x_wconf 85' lang='lat' dir='ltr'><strong>coniugium</strong></span> <span class='ocrx_word' id='word_1_97' title='bbox 528 1776 768 1857; x_wconf 81' lang='lat' dir='ltr'><strong>reprehendisse</strong></span> <span class='ocrx_word' id='word_1_98' title='bbox 799 1784 832 1838; x_wconf 90' lang='lat' dir='ltr'><strong>et</strong></span> <span class='ocrx_word' id='word_1_99' title='bbox 860 1784 960 1855; x_wconf 69' lang='lat' dir='ltr'><strong>mepte</strong></span> <span class='ocrx_word' id='word_1_100' title='bbox 993 1779 1218 1856; x_wconf 73' lang='lat' dir='ltr'><strong>Agamemnoni</strong></span> <span class='ocrx_word' id='word_1_101' title='bbox 1249 1795 1267 1840; x_wconf 91' lang='lat' dir='ltr'><strong>a</strong></span> <span class='ocrx_word' id='word_1_102' title='bbox 1298 1780 1368 1859; x_wconf 77' lang='lat' dir='ltr'><strong>Cly-</strong></span> 
     </span>
     <span class='ocr_line' id='line_1_13' title="bbox 178 1898 1369 1976; baseline 0.001 -15"><span class='ocrx_word' id='word_1_103' title='bbox 178 1907 347 1964; x_wconf 86' lang='lat' dir='ltr'><strong>temnestra</strong></span> <span class='ocrx_word' id='word_1_104' title='bbox 378 1900 464 1960; x_wconf 86' lang='lat' dir='ltr'><strong>iliata</strong></span> <span class='ocrx_word' id='word_1_105' title='bbox 490 1899 676 1964; x_wconf 85' lang='lat' dir='ltr'><strong>sententiam</strong></span> <span class='ocrx_word' id='word_1_106' title='bbox 705 1899 906 1961; x_wconf 79' lang='lat' dir='ltr'><strong>illustrasse.&#39;</strong></span> <span class='ocrx_word' id='word_1_107' title='bbox 931 1898 1021 1976; x_wconf 82' lang='lat' dir='ltr'><strong>Quae</strong></span> <span class='ocrx_word' id='word_1_108' title='bbox 1046 1915 1117 1962; x_wconf 88' lang='lat' dir='ltr'><strong>eum</strong></span> <span class='ocrx_word' id='word_1_109' title='bbox 1147 1899 1189 1962; x_wconf 91' lang='lat' dir='ltr'><strong>ad</strong></span> <span class='ocrx_word' id='word_1_110' title='bbox 1212 1899 1369 1964; x_wconf 87' lang='lat' dir='ltr'><strong>minimam</strong></span> 
     </span>
     <span class='ocr_line' id='line_1_14' title="bbox 132 2020 1368 2102; baseline 0.003 -20"><span class='ocrx_word' id='word_1_111' title='bbox 132 2043 134 2046; x_wconf 94' lang='lat'>·</span> <span class='ocrx_word' id='word_1_112' title='bbox 173 2021 421 2102; x_wconf 72' lang='lat' dir='ltr'><strong>fragmentorum</strong></span> <span class='ocrx_word' id='word_1_113' title='bbox 442 2029 564 2102; x_wconf 86' lang='lat' dir='ltr'><strong>partem</strong></span> <span class='ocrx_word' id='word_1_114' title='bbox 584 2020 780 2101; x_wconf 85' lang='lat' dir='ltr'><strong>pertineant,</strong></span> <span class='ocrx_word' id='word_1_115' title='bbox 807 2037 909 2099; x_wconf 87' lang='lat' dir='ltr'><strong>neque</strong></span> <span class='ocrx_word' id='word_1_116' title='bbox 929 2021 1031 2084; x_wconf 85' lang='lat' dir='ltr'><strong>refelli</strong></span> <span class='ocrx_word' id='word_1_117' title='bbox 1050 2039 1155 2100; x_wconf 88' lang='lat' dir='ltr'><strong>neque</strong></span> <span class='ocrx_word' id='word_1_118' title='bbox 1178 2023 1368 2102; x_wconf 82' lang='lat' dir='ltr'><strong>argumeatfs</strong></span> 
     </span>
     <span class='ocr_line' id='line_1_15' title="bbox 175 2143 516 2224; baseline 0.006 -20"><span class='ocrx_word' id='word_1_119' title='bbox 175 2143 354 2207; x_wconf 86' lang='lat' dir='ltr'><strong>confirmari</strong></span> <span class='ocrx_word' id='word_1_120' title='bbox 377 2150 516 2224; x_wconf 87' lang='lat' dir='ltr'><strong>possunt.</strong></span> 
     </span>
    </p>

    <p class='ocr_par' dir='ltr' id='par_1_5' title="bbox 102 2265 1375 4428">
     <span class='ocr_line' id='line_1_16' title="bbox 250 2265 1368 2348; baseline 0.003 -24"><span class='ocrx_word' id='word_1_121' title='bbox 250 2267 284 2328; x_wconf 91' lang='lat' dir='ltr'><strong>tn</strong></span> <span class='ocrx_word' id='word_1_122' title='bbox 300 2271 385 2327; x_wconf 87' lang='lat' dir='ltr'><strong>tanta</strong></span> <span class='ocrx_word' id='word_1_123' title='bbox 400 2265 580 2328; x_wconf 86' lang='lat' dir='ltr'><strong>diversitate</strong></span> <span class='ocrx_word' id='word_1_124' title='bbox 598 2266 846 2348; x_wconf 87' lang='lat' dir='ltr'><strong>fragmentorum</strong></span> <span class='ocrx_word' id='word_1_125' title='bbox 865 2267 938 2328; x_wconf 78' lang='lat' dir='ltr'><strong>litari</strong></span> <span class='ocrx_word' id='word_1_126' title='bbox 957 2267 1079 2330; x_wconf 77' lang='lat' dir='ltr'><strong>xxva.</strong></span> <span class='ocrx_word' id='word_1_127' title='bbox 1096 2265 1260 2346; x_wconf 87' lang='lat' dir='ltr'><strong>Corpetius</strong></span> <span class='ocrx_word' id='word_1_128' title='bbox 1271 2273 1368 2348; x_wconf 83' lang='lat' dir='ltr'><strong>negat</strong></span> 
     </span>
     <span class='ocr_line' id='line_1_17' title="bbox 174 2385 1363 2470; baseline 0.001 -22"><span class='ocrx_word' id='word_1_129' title='bbox 174 2385 242 2450; x_wconf 84' lang='lat' dir='ltr'><strong>fieri</strong></span> <span class='ocrx_word' id='word_1_130' title='bbox 273 2405 380 2466; x_wconf 87' lang='lat' dir='ltr'><strong>pesse,</strong></span> <span class='ocrx_word' id='word_1_131' title='bbox 401 2394 437 2450; x_wconf 90' lang='lat' dir='ltr'><strong>ut</strong></span> <span class='ocrx_word' id='word_1_132' title='bbox 455 2396 673 2469; x_wconf 77' lang='lat' dir='ltr'><strong>argumentum</strong></span> <span class='ocrx_word' id='word_1_133' title='bbox 692 2391 759 2453; x_wconf 88' lang='lat' dir='ltr'><strong>eius</strong></span> <span class='ocrx_word' id='word_1_134' title='bbox 777 2389 851 2466; x_wconf 84' lang='lat' dir='ltr'><strong>iibri</strong></span> <span class='ocrx_word' id='word_1_135' title='bbox 869 2389 1051 2470; x_wconf 81' lang='lat' dir='ltr'><strong>diligentius</strong></span> <span class='ocrx_word' id='word_1_136' title='bbox 1070 2387 1363 2462; x_wconf 76' lang='lat' dir='ltr'><strong>circumscribatur-3</strong></span> 
     </span>
     <span class='ocr_line' id='line_1_18' title="bbox 174 2507 1366 2591; baseline 0.004 -21"><span class='ocrx_word' id='word_1_137' title='bbox 174 2507 234 2570; x_wconf 90' lang='lat' dir='ltr'><strong>hoe</strong></span> <span class='ocrx_word' id='word_1_138' title='bbox 248 2516 353 2572; x_wconf 88' lang='lat' dir='ltr'><strong>tamen</strong></span> <span class='ocrx_word' id='word_1_139' title='bbox 373 2511 447 2572; x_wconf 89' lang='lat' dir='ltr'><strong>satis</strong></span> <span class='ocrx_word' id='word_1_140' title='bbox 464 2518 584 2574; x_wconf 89' lang='lat' dir='ltr'><strong>certum</strong></span> <span class='ocrx_word' id='word_1_141' title='bbox 599 2527 666 2574; x_wconf 86' lang='lat' dir='ltr'><strong>esse</strong></span> <span class='ocrx_word' id='word_1_142' title='bbox 679 2512 805 2584; x_wconf 86' lang='lat' dir='ltr'><strong>statuit,</strong></span> <span class='ocrx_word' id='word_1_143' title='bbox 830 2519 953 2590; x_wconf 86' lang='lat' dir='ltr'><strong>poetam</strong></span> <span class='ocrx_word' id='word_1_144' title='bbox 967 2509 1168 2590; x_wconf 77' lang='lat' dir='ltr'><strong>philosophos</strong></span> <span class='ocrx_word' id='word_1_145' title='bbox 1181 2511 1366 2591; x_wconf 81' lang='lat' dir='ltr'><strong>exagitasse.</strong></span> 
     </span>
     <span class='ocr_line' id='line_1_19' title="bbox 171 2630 1368 2711; baseline -0.003 -19"><span class='ocrx_word' id='word_1_146' title='bbox 171 2632 342 2694; x_wconf 81' lang='lat' dir='ltr'><strong>Praeterea</strong></span> <span class='ocrx_word' id='word_1_147' title='bbox 358 2635 520 2694; x_wconf 80' lang='lat' dir='ltr'><strong>dfercerus</strong></span> <span class='ocrx_word' id='word_1_148' title='bbox 539 2633 636 2706; x_wconf 87' lang='lat' dir='ltr'><strong>vidit,</strong></span> <span class='ocrx_word' id='word_1_149' title='bbox 658 2630 719 2694; x_wconf 92' lang='lat' dir='ltr'><strong>hoc</strong></span> <span class='ocrx_word' id='word_1_150' title='bbox 739 2649 864 2711; x_wconf 72' lang='lat' dir='ltr'><strong>quaeque</strong></span> <span class='ocrx_word' id='word_1_151' title='bbox 883 2632 915 2694; x_wconf 91' lang='lat' dir='ltr'><strong>in</strong></span> <span class='ocrx_word' id='word_1_152' title='bbox 934 2632 1015 2692; x_wconf 86' lang='lat' dir='ltr'><strong>fibro</strong></span> <span class='ocrx_word' id='word_1_153' title='bbox 1029 2632 1132 2694; x_wconf 89' lang='lat' dir='ltr'><strong>inesse</strong></span> <span class='ocrx_word' id='word_1_154' title='bbox 1145 2632 1283 2710; x_wconf 65' lang='lat' dir='ltr'><strong>iurgium,</strong></span> <span class='ocrx_word' id='word_1_155' title='bbox 1301 2650 1368 2694; x_wconf 63' lang='lat' dir='ltr'><strong>ma,-</strong></span> 
     </span>
     <span class='ocr_line' id='line_1_20' title="bbox 173 2751 1368 2833; baseline 0.003 -20"><span class='ocrx_word' id='word_1_156' title='bbox 173 2751 227 2813; x_wconf 88' lang='lat' dir='ltr'><strong>riti</strong></span> <span class='ocrx_word' id='word_1_157' title='bbox 246 2769 317 2815; x_wconf 88' lang='lat' dir='ltr'><strong>eum</strong></span> <span class='ocrx_word' id='word_1_158' title='bbox 336 2769 446 2827; x_wconf 81' lang='lat' dir='ltr'><strong>urere,</strong></span> <span class='ocrx_word' id='word_1_159' title='bbox 468 2770 547 2831; x_wconf 89' lang='lat' dir='ltr'><strong>quae</strong></span> <span class='ocrx_word' id='word_1_160' title='bbox 562 2751 686 2831; x_wconf 82' lang='lat' dir='ltr'><strong>quidem</strong></span> <span class='ocrx_word' id='word_1_161' title='bbox 707 2752 824 2816; x_wconf 77' lang='lat' dir='ltr'><strong>tamdia</strong></span> <span class='ocrx_word' id='word_1_162' title='bbox 844 2753 997 2818; x_wconf 75' lang='lat' dir='ltr'><strong>nobiliore</strong></span> <span class='ocrx_word' id='word_1_163' title='bbox 1018 2760 1050 2814; x_wconf 88' lang='lat' dir='ltr'><strong>et</strong></span> <span class='ocrx_word' id='word_1_164' title='bbox 1070 2753 1182 2816; x_wconf 86' lang='lat' dir='ltr'><strong>ditiore</strong></span> <span class='ocrx_word' id='word_1_165' title='bbox 1196 2760 1263 2818; x_wconf 88' lang='lat' dir='ltr'><strong>orta</strong></span> <span class='ocrx_word' id='word_1_166' title='bbox 1284 2753 1368 2833; x_wconf 87' lang='lat' dir='ltr'><strong>regi-</strong></span> 
     </span>
     <span class='ocr_line' id='line_1_21' title="bbox 171 2873 1366 2955; baseline 0.001 -18"><span class='ocrx_word' id='word_1_167' title='bbox 171 2891 245 2937; x_wconf 87' lang='lat' dir='ltr'><strong>men</strong></span> <span class='ocrx_word' id='word_1_168' title='bbox 266 2873 375 2936; x_wconf 87' lang='lat' dir='ltr'><strong>domus</strong></span> <span class='ocrx_word' id='word_1_169' title='bbox 395 2881 488 2954; x_wconf 88' lang='lat' dir='ltr'><strong>atque</strong></span> <span class='ocrx_word' id='word_1_170' title='bbox 509 2875 644 2938; x_wconf 82' lang='lat' dir='ltr'><strong>fam-iliae</strong></span> <span class='ocrx_word' id='word_1_171' title='bbox 658 2875 705 2946; x_wconf 45' lang='lat' dir='ltr'><strong>ad,</strong></span> <span class='ocrx_word' id='word_1_172' title='bbox 718 2893 750 2938; x_wconf 88' lang='lat' dir='ltr'><strong>se</strong></span> <span class='ocrx_word' id='word_1_173' title='bbox 768 2875 929 2955; x_wconf 84' lang='lat' dir='ltr'><strong>pertinere</strong></span> <span class='ocrx_word' id='word_1_174' title='bbox 949 2879 1104 2940; x_wconf 86' lang='lat' dir='ltr'><strong>statuerit.</strong></span> <span class='ocrx_word' id='word_1_175' title='bbox 1135 2875 1224 2954; x_wconf 78' lang='lat' dir='ltr'><strong>Quae</strong></span> <span class='ocrx_word' id='word_1_176' title='bbox 1238 2873 1366 2954; x_wconf 83' lang='lat' dir='ltr'><strong>quidum</strong></span> 
     </span>
     <span class='ocr_line' id='line_1_22' title="bbox 102 2997 1368 3089; baseline -0.001 -28"><span class='ocrx_word' id='word_1_177' title='bbox 102 3075 111 3089; x_wconf 43' lang='grc' dir='ltr'><strong><em>Ι</em></strong></span> <span class='ocrx_word' id='word_1_178' title='bbox 173 2999 287 3073; x_wconf 84' lang='lat' dir='ltr'><strong>omnia,</strong></span> <span class='ocrx_word' id='word_1_179' title='bbox 312 3005 446 3060; x_wconf 85' lang='lat' dir='ltr'><strong>utrecte</strong></span> <span class='ocrx_word' id='word_1_180' title='bbox 460 2997 544 3062; x_wconf 83' lang='lat' dir='ltr'><strong>dieta</strong></span> <span class='ocrx_word' id='word_1_181' title='bbox 564 3005 690 3078; x_wconf 82' lang='lat' dir='ltr'><strong>putem,</strong></span> <span class='ocrx_word' id='word_1_182' title='bbox 713 3004 817 3062; x_wconf 86' lang='lat' dir='ltr'><strong>tamen</strong></span> <span class='ocrx_word' id='word_1_183' title='bbox 838 2998 877 3060; x_wconf 94' lang='lat' dir='ltr'><strong>ad</strong></span> <span class='ocrx_word' id='word_1_184' title='bbox 899 3005 999 3061; x_wconf 89' lang='lat' dir='ltr'><strong>totum</strong></span> <span class='ocrx_word' id='word_1_185' title='bbox 1017 2997 1131 3060; x_wconf 87' lang='lat' dir='ltr'><strong>librum</strong></span> <span class='ocrx_word' id='word_1_186' title='bbox 1148 2997 1368 3078; x_wconf 76' lang='lat' dir='ltr'><strong>explicandum</strong></span> 
     </span>
     <span class='ocr_line' id='line_1_23' title="bbox 171 3119 1367 3202; baseline 0.002 -20"><span class='ocrx_word' id='word_1_187' title='bbox 171 3139 282 3202; x_wconf 88' lang='lat' dir='ltr'><strong>param</strong></span> <span class='ocrx_word' id='word_1_188' title='bbox 303 3121 441 3195; x_wconf 85' lang='lat' dir='ltr'><strong>faciunt,</strong></span> <span class='ocrx_word' id='word_1_189' title='bbox 468 3121 540 3200; x_wconf 80' lang='lat' dir='ltr'><strong>quia</strong></span> <span class='ocrx_word' id='word_1_190' title='bbox 560 3135 659 3200; x_wconf 85' lang='lat' dir='ltr'><strong>pauca</strong></span> <span class='ocrx_word' id='word_1_191' title='bbox 683 3127 804 3190; x_wconf 76' lang='lat' dir='ltr'><strong>matum</strong></span> <span class='ocrx_word' id='word_1_192' title='bbox 824 3120 1000 3200; x_wconf 81' lang='lat' dir='ltr'><strong>fragmenta</strong></span> <span class='ocrx_word' id='word_1_193' title='bbox 1013 3121 1274 3200; x_wconf 82' lang='lat' dir='ltr'><strong>complectuntur.</strong></span> <span class='ocrx_word' id='word_1_194' title='bbox 1293 3119 1367 3190; x_wconf 73' lang='lat' dir='ltr'><strong>,set</strong></span> 
     </span>
     <span class='ocr_line' id='line_1_24' title="bbox 173 3239 1367 3324; baseline 0.003 -18"><span class='ocrx_word' id='word_1_195' title='bbox 173 3242 251 3306; x_wconf 79' lang='lat' dir='ltr'><strong>mihi</strong></span> <span class='ocrx_word' id='word_1_196' title='bbox 264 3244 390 3324; x_wconf 88' lang='lat' dir='ltr'><strong>quidem</strong></span> <span class='ocrx_word' id='word_1_197' title='bbox 410 3243 545 3308; x_wconf 77' lang='lat' dir='ltr'><strong>Lucilius</strong></span> <span class='ocrx_word' id='word_1_198' title='bbox 557 3239 618 3304; x_wconf 87' lang='lat' dir='ltr'><strong>hee</strong></span> <span class='ocrx_word' id='word_1_199' title='bbox 642 3243 675 3305; x_wconf 89' lang='lat' dir='ltr'><strong>in</strong></span> <span class='ocrx_word' id='word_1_200' title='bbox 695 3243 776 3305; x_wconf 86' lang='lat' dir='ltr'><strong>libro</strong></span> <span class='ocrx_word' id='word_1_201' title='bbox 789 3261 878 3304; x_wconf 86' lang='lat' dir='ltr'><strong>suum</strong></span> <span class='ocrx_word' id='word_1_202' title='bbox 893 3243 990 3322; x_wconf 82' lang='lat' dir='ltr'><strong>ipsios</strong></span> <span class='ocrx_word' id='word_1_203' title='bbox 1004 3242 1151 3316; x_wconf 80' lang='lat' dir='ltr'><strong>studium,</strong></span> <span class='ocrx_word' id='word_1_204' title='bbox 1167 3256 1367 3317; x_wconf 77' lang='lat' dir='ltr'><strong>sucessores,</strong></span> 
     </span>
     <span class='ocr_line' id='line_1_25' title="bbox 175 3363 1369 3446; baseline -0.001 -18"><span class='ocrx_word' id='word_1_205' title='bbox 175 3372 334 3446; x_wconf 87' lang='lat' dir='ltr'><strong>totumque</strong></span> <span class='ocrx_word' id='word_1_206' title='bbox 354 3364 480 3427; x_wconf 80' lang='lat' dir='ltr'><strong>vivendi</strong></span> <span class='ocrx_word' id='word_1_207' title='bbox 500 3383 600 3444; x_wconf 88' lang='lat' dir='ltr'><strong>genus</strong></span> <span class='ocrx_word' id='word_1_208' title='bbox 621 3363 661 3428; x_wconf 88' lang='lat' dir='ltr'><strong>ab</strong></span> <span class='ocrx_word' id='word_1_209' title='bbox 682 3365 928 3430; x_wconf 80' lang='lat' dir='ltr'><strong>obtrectatorum</strong></span> <span class='ocrx_word' id='word_1_210' title='bbox 950 3363 1175 3442; x_wconf 78' lang='lat' dir='ltr'><strong>invidia-atque</strong></span> <span class='ocrx_word' id='word_1_211' title='bbox 1197 3363 1369 3443; x_wconf 82' lang='lat' dir='ltr'><strong>reprehen-</strong></span> 
     </span>
     <span class='ocr_line' id='line_1_26' title="bbox 174 3483 1368 3578; baseline -0.006 -26"><span class='ocrx_word' id='word_1_212' title='bbox 174 3487 261 3552; x_wconf 87' lang='lat' dir='ltr'><strong>sione</strong></span> <span class='ocrx_word' id='word_1_213' title='bbox 279 3487 458 3554; x_wconf 81' lang='lat' dir='ltr'><strong>defendisse</strong></span> <span class='ocrx_word' id='word_1_214' title='bbox 481 3487 616 3556; x_wconf 84' lang='lat' dir='ltr'><strong>aidetur.</strong></span> <span class='ocrx_word' id='word_1_215' title='bbox 659 3484 913 3578; x_wconf 60' lang='lat' dir='ltr'><strong>(immundam</strong></span> <span class='ocrx_word' id='word_1_216' title='bbox 940 3485 1070 3551; x_wconf 87' lang='lat' dir='ltr'><strong>remita</strong></span> <span class='ocrx_word' id='word_1_217' title='bbox 1096 3483 1244 3558; x_wconf 84' lang='lat' dir='ltr'><strong>instituit,</strong></span> <span class='ocrx_word' id='word_1_218' title='bbox 1273 3491 1309 3548; x_wconf 89' lang='lat' dir='ltr'><strong>ut</strong></span> <span class='ocrx_word' id='word_1_219' title='bbox 1333 3501 1368 3566; x_wconf 76' lang='lat' dir='ltr'><strong>se</strong></span> 
     </span>
     <span class='ocr_line' id='line_1_27' title="bbox 172 3605 1366 3690; baseline -0.008 -14"><span class='ocrx_word' id='word_1_220' title='bbox 172 3611 275 3690; x_wconf 86' lang='lat' dir='ltr'><strong>ipsum</strong></span> <span class='ocrx_word' id='word_1_221' title='bbox 295 3629 366 3676; x_wconf 89' lang='lat' dir='ltr'><strong>cum</strong></span> <span class='ocrx_word' id='word_1_222' title='bbox 388 3611 692 3690; x_wconf 41' lang='lat' dir='ltr'><strong>auricovloqueuteru</strong></span> <span class='ocrx_word' id='word_1_223' title='bbox 709 3608 896 3682; x_wconf 83' lang='lat' dir='ltr'><strong>induceret,</strong></span> <span class='ocrx_word' id='word_1_224' title='bbox 924 3615 958 3672; x_wconf 83' lang='lat' dir='ltr'><strong>et</strong></span> <span class='ocrx_word' id='word_1_225' title='bbox 982 3607 1119 3688; x_wconf 82' lang='lat' dir='ltr'><strong>singula,</strong></span> <span class='ocrx_word' id='word_1_226' title='bbox 1147 3622 1228 3685; x_wconf 82' lang='lat' dir='ltr'><strong>quae</strong></span> <span class='ocrx_word' id='word_1_227' title='bbox 1254 3605 1283 3668; x_wconf 86' lang='lat' dir='ltr'><strong>si</strong></span> <span class='ocrx_word' id='word_1_228' title='bbox 1307 3605 1366 3668; x_wconf 87' lang='lat' dir='ltr'><strong>eb-</strong></span> 
     </span>
     <span class='ocr_line' id='line_1_28' title="bbox 172 3729 1369 3811; baseline -0.003 -16"><span class='ocrx_word' id='word_1_229' title='bbox 172 3731 371 3808; x_wconf 75' lang='lat' dir='ltr'><strong>iicieba&#39;ntur,</strong></span> <span class='ocrx_word' id='word_1_230' title='bbox 402 3742 457 3796; x_wconf 89' lang='lat' dir='ltr'><strong>aut</strong></span> <span class='ocrx_word' id='word_1_231' title='bbox 484 3735 654 3798; x_wconf 82' lang='lat' dir='ltr'><strong>illustraret</strong></span> <span class='ocrx_word' id='word_1_232' title='bbox 676 3739 730 3794; x_wconf 90' lang='lat' dir='ltr'><strong>aut</strong></span> <span class='ocrx_word' id='word_1_233' title='bbox 758 3731 928 3794; x_wconf 84' lang='lat' dir='ltr'><strong>refelleret.</strong></span> <span class='ocrx_word' id='word_1_234' title='bbox 975 3730 1115 3795; x_wconf 83' lang='lat' dir='ltr'><strong>Primum</strong></span> <span class='ocrx_word' id='word_1_235' title='bbox 1141 3729 1237 3810; x_wconf 86' lang='lat' dir='ltr'><strong>igitur</strong></span> <span class='ocrx_word' id='word_1_236' title='bbox 1266 3730 1369 3811; x_wconf 85' lang='lat' dir='ltr'><strong>poesis</strong></span> 
     </span>
     <span class='ocr_line' id='line_1_29' title="bbox 172 3851 1368 3932; baseline -0.003 -14"><span class='ocrx_word' id='word_1_237' title='bbox 172 3853 328 3928; x_wconf 86' lang='lat' dir='ltr'><strong>studium,</strong></span> <span class='ocrx_word' id='word_1_238' title='bbox 350 3857 401 3916; x_wconf 88' lang='lat' dir='ltr'><strong>eui</strong></span> <span class='ocrx_word' id='word_1_239' title='bbox 421 3856 544 3920; x_wconf 89' lang='lat' dir='ltr'><strong>deditus</strong></span> <span class='ocrx_word' id='word_1_240' title='bbox 563 3863 648 3929; x_wconf 87' lang='lat' dir='ltr'><strong>erat,</strong></span> <span class='ocrx_word' id='word_1_241' title='bbox 674 3853 852 3919; x_wconf 85' lang='lat' dir='ltr'><strong>accuratius</strong></span> <span class='ocrx_word' id='word_1_242' title='bbox 872 3853 1039 3928; x_wconf 83' lang='lat' dir='ltr'><strong>describit,</strong></span> <span class='ocrx_word' id='word_1_243' title='bbox 1062 3853 1156 3932; x_wconf 90' lang='lat' dir='ltr'><strong>idque</strong></span> <span class='ocrx_word' id='word_1_244' title='bbox 1177 3851 1368 3922; x_wconf 84' lang='lat' dir='ltr'><strong>adsalutem</strong></span> 
     </span>
     <span class='ocr_line' id='line_1_30' title="bbox 173 3975 1368 4057; baseline 0 -19"><span class='ocrx_word' id='word_1_245' title='bbox 173 3977 331 4057; x_wconf 86' lang='lat' dir='ltr'><strong>publieam</strong></span> <span class='ocrx_word' id='word_1_246' title='bbox 352 3978 510 4056; x_wconf 86' lang='lat' dir='ltr'><strong>pertinere</strong></span> <span class='ocrx_word' id='word_1_247' title='bbox 540 3979 688 4040; x_wconf 84' lang='lat' dir='ltr'><strong>affirmat.</strong></span> <span class='ocrx_word' id='word_1_248' title='bbox 719 3978 759 4040; x_wconf 67' lang='lat' dir='ltr'><strong>fr,</strong></span> <span class='ocrx_word' id='word_1_249' title='bbox 779 3979 832 4046; x_wconf 80' lang='lat' dir='ltr'><strong>lV.</strong></span> <span class='ocrx_word' id='word_1_250' title='bbox 848 3979 952 4040; x_wconf 86' lang='lat' dir='ltr'><strong>XLtV.</strong></span> <span class='ocrx_word' id='word_1_251' title='bbox 983 3975 1131 4054; x_wconf 79' lang='lat' dir='ltr'><strong>Quamvis</strong></span> <span class='ocrx_word' id='word_1_252' title='bbox 1152 3976 1235 4039; x_wconf 88' lang='lat' dir='ltr'><strong>enim</strong></span> <span class='ocrx_word' id='word_1_253' title='bbox 1254 3976 1368 4043; x_wconf 86' lang='lat' dir='ltr'><strong>multos</strong></span> 
     </span>
     <span class='ocr_line' id='line_1_31' title="bbox 173 4086 1368 4182; baseline -0.003 -18"><span class='ocrx_word' id='word_1_254' title='bbox 173 4086 410 4182; x_wconf 81' lang='lat' dir='ltr'><strong>reprehendat,</strong></span> <span class='ocrx_word' id='word_1_255' title='bbox 435 4107 467 4160; x_wconf 87' lang='lat' dir='ltr'><strong>et</strong></span> <span class='ocrx_word' id='word_1_256' title='bbox 494 4101 570 4164; x_wconf 84' lang='lat' dir='ltr'><strong>vitia</strong></span> <span class='ocrx_word' id='word_1_257' title='bbox 590 4101 713 4164; x_wconf 78' lang='lat' dir='ltr'><strong>iliorum</strong></span> <span class='ocrx_word' id='word_1_258' title='bbox 737 4098 885 4171; x_wconf 82' lang='lat' dir='ltr'><strong>irrideat,</strong></span> <span class='ocrx_word' id='word_1_259' title='bbox 917 4109 1029 4168; x_wconf 82' lang='lat' dir='ltr'><strong>tamen</strong></span> <span class='ocrx_word' id='word_1_260' title='bbox 1049 4097 1252 4177; x_wconf 81' lang='lat' dir='ltr'><strong>noqueodio¹</strong></span> <span class='ocrx_word' id='word_1_261' title='bbox 1265 4115 1368 4178; x_wconf 84' lang='lat' dir='ltr'><strong>neque</strong></span> 
     </span>
     <span class='ocr_line' id='line_1_32' title="bbox 173 4221 1375 4302; baseline -0.002 -18"><span class='ocrx_word' id='word_1_262' title='bbox 173 4221 290 4289; x_wconf 85' lang='lat' dir='ltr'><strong>invidia</strong></span> <span class='ocrx_word' id='word_1_263' title='bbox 312 4221 440 4286; x_wconf 86' lang='lat' dir='ltr'><strong>ductum</strong></span> <span class='ocrx_word' id='word_1_264' title='bbox 465 4222 498 4286; x_wconf 86' lang='lat' dir='ltr'><strong>id</strong></span> <span class='ocrx_word' id='word_1_265' title='bbox 521 4241 556 4285; x_wconf 86' lang='lat' dir='ltr'><strong>se</strong></span> <span class='ocrx_word' id='word_1_266' title='bbox 577 4223 683 4287; x_wconf 86' lang='lat' dir='ltr'><strong>facere</strong></span> <span class='ocrx_word' id='word_1_267' title='bbox 703 4223 744 4286; x_wconf 94' lang='lat' dir='ltr'><strong>fr.</strong></span> <span class='ocrx_word' id='word_1_268' title='bbox 761 4223 841 4302; x_wconf 67' lang='lat' dir='ltr'><strong>vui,</strong></span> <span class='ocrx_word' id='word_1_269' title='bbox 856 4222 923 4292; x_wconf 78' lang='lat' dir='ltr'><strong>XV.</strong></span> <span class='ocrx_word' id='word_1_270' title='bbox 946 4237 1049 4300; x_wconf 80' lang='lat' dir='ltr'><strong>neque</strong></span> <span class='ocrx_word' id='word_1_271' title='bbox 1073 4221 1269 4301; x_wconf 81' lang='lat' dir='ltr'><strong>arrogantiae</strong></span> <span class='ocrx_word' id='word_1_272' title='bbox 1292 4235 1375 4287; x_wconf 79' lang='lat' dir='ltr'><strong>suae</strong></span> 
     </span>
     <span class='ocr_line' id='line_1_33' title="bbox 172 4342 1366 4428; baseline -0.003 -22"><span class='ocrx_word' id='word_1_273' title='bbox 172 4345 234 4408; x_wconf 86' lang='lat' dir='ltr'><strong>hoe</strong></span> <span class='ocrx_word' id='word_1_274' title='bbox 255 4345 467 4420; x_wconf 83' lang='lat' dir='ltr'><strong>tribuendum,</strong></span> <span class='ocrx_word' id='word_1_275' title='bbox 482 4343 572 4426; x_wconf 70' lang='lat' dir='ltr'><strong>,quod</strong></span> <span class='ocrx_word' id='word_1_276' title='bbox 593 4347 688 4408; x_wconf 78' lang='lat' dir='ltr'><strong>nauita</strong></span> <span class='ocrx_word' id='word_1_277' title='bbox 703 4345 777 4418; x_wconf 84' lang='lat' dir='ltr'><strong>vitia</strong></span> <span class='ocrx_word' id='word_1_278' title='bbox 791 4345 917 4420; x_wconf 84' lang='lat' dir='ltr'><strong>notarit,</strong></span> <span class='ocrx_word' id='word_1_279' title='bbox 939 4344 1116 4428; x_wconf 80' lang='lat' dir='ltr'><strong>exagitarit,</strong></span> <span class='ocrx_word' id='word_1_280' title='bbox 1131 4342 1366 4423; x_wconf 74' lang='lat' dir='ltr'><strong>perstrinxerit,</strong></span> 
     </span>
    </p>
   </div>
   <div class='ocr_carea' id='block_1_5' title="bbox 0 0 1648 5126">
    <p class='ocr_par' dir='ltr' id='par_1_6' title="bbox 0 0 1648 5126">
     <span class='ocr_line' id='line_1_34' title="bbox 0 0 1648 5126; baseline 0 0"><span class='ocrx_word' id='word_1_281' title='bbox 0 0 1648 5126; x_wconf 95' lang='lat' dir='ltr'><strong> </strong></span> 
     </span>
    </p>
   </div>
  </div>
 </body>
</html>
