3242 5138
560 1101 966 1175 Pnnmefflo.

251 1565 325 1624 Cum
344 1564 503 1626 hominurn
518 1565 679 1626 doctorum
694 1564 799 1626 studia
820 1563 913 1626 hodie
933 1566 965 1624 in
987 1583 1023 1626 eo
1038 1567 1170 1626 maxime
1185 1565 1357 1639 elaborent,

172 1670 207 1723 ut
230 1665 439 1742 antiquissima
459 1665 645 1726 Litterarum
664 1666 843 1726 Latinarum
864 1672 1064 1726 monumenta
1095 1665 1207 1728 iterum
1231 1666 1359 1726 iterum-

172 1782 233 1842 que
251 1766 450 1832 excutiantur
470 1772 501 1826 et
520 1767 724 1838 illustrentur,
747 1767 809 1826 iam
827 1765 926 1826 tribus
950 1765 1065 1826 abhinc
1086 1766 1174 1826 annis
1197 1767 1359 1826 consilium

172 1864 303 1944 agitavi,
321 1866 446 1938 Lucilii,
468 1874 579 1944 poetae
594 1866 666 1924 olim
680 1865 857 1936 clarissimi,
875 1868 1055 1926 Saturarum
1070 1864 1243 1944 fragmenta
1258 1865 1360 1926 denuo

83 1965 85 1972 ’
172 1963 296 2025 edendi.
337 1966 397 2026 Sed
417 1965 520 2025 multis
539 1964 693 2042 variisque
714 1963 845 2043 negotiis
866 1963 1035 2036 distentus,
1061 1983 1138 2044 opus
1158 1965 1271 2043 cupide
1292 1968 1360 2044 qui-

173 2064 243 2124 dem
271 2065 398 2144 arripui,
424 2065 478 2126 sed
499 2065 622 2143 saepius
647 2063 799 2124 intermisi
819 2071 851 2124 et
871 2062 1055 2131 subsecivis,
1084 2070 1119 2123 ut
1139 2065 1235 2138 aiunt,
1258 2067 1360 2144 operis

172 2163 340 2225 elaboravi.
374 2166 412 2225 Et
428 2164 553 2225 dimidia
567 2163 634 2225 lere
655 2170 743 2242 parte
764 2165 958 2242 plagularum
973 2163 1054 2242 typis
1068 2181 1225 2242 expressa,
1247 2166 1360 2227 iterum

172 2281 325 2324 remoram
353 2265 463 2344 gradui
486 2265 575 2336 fecit,
602 2259 683 2342 quod
708 2265 837 2342 cognovi
865 2281 974 2324 novam
995 2263 1198 2341 omnibusque
1224 2266 1359 2326 nunionis

172 2365 344 2426 absolutam
363 2366 472 2426 Lucilii
485 2365 651 2426 editionem
667 2382 683 2425 a
700 2364 813 2425 iuvene
830 2364 1016 2438 doctissimo,
1033 2367 1056 2424 l.
1072 2363 1220 2439 Beckero,
1236 2365 1359 2426 scholae

172 2467 369 2545 lloguntinae
382 2473 603 2546 praeceptore,
626 2466 740 2545 parari.
775 2466 868 2526 Cuius
888 2465 928 2526 de
951 2464 1078 2525 consilio
1102 2465 1127 2525 si
1147 2465 1239 2544 paulo
1258 2472 1358 2526 matu-

172 2565 237 2627 rius
264 2575 456 2647 compertum
487 2567 679 2640 habuissem,
709 2567 830 2627 lubenti
857 2566 959 2626 animo
988 2582 1067 2642 quac
1096 2565 1299 2644 collegeram,
1332 2569 1361 2627 ei

173 2667 394 2741 examinanda,
428 2666 626 2729 retractanda
656 2674 687 2726 et
717 2665 913 2745 excerpenda
944 2665 1147 2742 reliquissem.
1189 2665 1250 2726 Sed
1279 2681 1359 2744 quae

171 2767 298 2844 incepta
318 2773 423 2840 erant,
447 2783 509 2826 nou
529 2770 699 2844 potuerunt
718 2765 903 2842 imperfecta
924 2765 1077 2840 relinqui;
1099 2769 1131 2823 et
1149 2764 1277 2824 librario
1299 2763 1359 2852 hu-

171 2865 367 2938 manissimo,
392 2882 472 2944 quae
494 2865 696 2945 promiseram
714 2864 912 2943 praestanda.
952 2863 1031 2924 Satis
1055 2863 1150 2942 igitur
1170 2862 1304 2937 habebo,
1335 2865 1360 2924 si
1430 2899 1434 2908 ·

172 2962 313 3026 homines
338 2965 466 3039 eruditi,
489 2971 637 3045 quantum
658 2981 773 3044 operae
794 2964 833 3025 ad
860 2963 968 3025 Lucilii
985 2962 1132 3040 reliquias
1151 2964 1360 3026 emendandas

172 3066 317 3127 collatum
338 3072 401 3139 est,
423 3083 485 3126 non
504 3069 597 3144 plane
615 3066 842 3126 infructuosum
863 3064 957 3126 luisse
976 3063 1193 3125 iudicaverint.

248 3265 368 3326 Dabam
387 3266 517 3328 Basiliae
538 3268 617 3328 Vlll.
642 3267 714 3327 ldus
735 3266 848 3327 lunias.
