3250 5136
687 383 718 441 C.
738 381 873 440 Lucilii
895 383 1098 452 antinomia

312 659 453 736 Versus
471 662 627 760 aliquot,
648 669 710 764 qui
735 671 803 764 out
826 671 955 758 omisso
982 673 1050 738 ucat
1070 688 1271 760 perperam
1299 665 1491 762 adscripto

378 803 542 870 auctoris
558 803 702 874 mimine
719 799 928 874 laudantur
937 827 949 890 ‚·
970 825 1059 898 qoros
1075 797 1215 874 larciltt
1232 823 1311 874 esse
1324 801 1491 874 domines

378 929 476 1004 docti
500 941 723 1006 statuerunt.

328 1116 355 1174 1.
382 1149 416 1163 ·-
443 1117 540 1180 Cuius
560 1138 624 1177 non
648 1117 751 1179 audeo
775 1117 881 1180 dicere
903 1121 1044 1181 nomen?

381 1229 464 1304 Quid
488 1231 584 1292 refert
604 1231 696 1292 dictis
717 1232 860 1312 ignoscat
879 1233 1019 1305 Mucius,
1042 1252 1082 1293 an
1106 1236 1192 1293 non?

325 1346 354 1404 i.
382 1378 416 1390 -
439 1346 573 1407 Grauius
594 1351 698 1406 autom

380 1461 449 1520 Non
471 1465 674 1521 contemnere
695 1480 729 1520 se
751 1466 782 1520 et
805 1479 896 1541 reges
918 1460 1025 1522 odisse
1045 1461 1225 1542 superbos‘l

325 1573 354 1633 3.
382 1570 515 1654 [Quill]
536 1580 612 1654 puto
634 1580 665 1634 te
685 1576 718 1634 in
738 1574 800 1636 hoc
821 1582 875 1636 ant
893 1575 1001 1637 risisse
1022 1581 1076 1636 aut
1095 1575 1286 1656 ingemuisse

378 1687 514 1748 frontem
534 1694 569 1748 ut
586 1687 695 1749 terias.

324 1803 353 1862 lo.
377 1801 539 1883 Displiceo
559 1803 635 1864 mihi
658 1823 716 1865 nec
737 1805 806 1866 sine
826 1823 949 1866 summo
971 1805 1076 1866 scribo
1099 1804 1220 1866 dolore.

324 1919 354 1977 5.
380 1917 406 1978 0
427 1892 542 1979 domus
563 1919 707 2000 antiqua,
727 1918 792 1980 heu
813 1939 907 2002 quam
929 1914 1047 1999 dispari
1070 1919 1233 1982 dominare
1256 1918 1396 1980 domino.

324 2033 353 2092 6.
379 2031 539 2094 Sustineat
558 2053 684 2096 currum
705 2039 739 2094 ut
761 2034 856 2094 bonu'
877 2052 973 2114 saepe
994 2029 1128 2116 agitator
1149 2053 1325 2116 equosque.

325 2149 353 2206 7.
379 2148 481 2229 Atque
502 2146 627 2229 aliquos
648 2148 720 2209 ihus
740 2149 780 2210 ab
804 2148 899 2209 rebus
920 2148 1063 2230 clepsere
1085 2149 1230 2230 loroque.

321 2262 351 2324 8.
374 2261 492 2324 Nasum
514 2262 674 2324 diductius
694 2282 788 2343 quam
809 2262 945 2342 pandius
967 2263 1062 2342 paulo
1088 2261 1214 2326 vellem.

304 2437 430 2444 -——-.-.-
436 2439 474 2444 ...m
484 2441 491 2444 ,

339 2561 363 2606 r.
385 2561 490 2611 avana.
516 2561 566 2613 sat.
595 2564 615 2610 1.
645 2563 702 2615 aaa.
741 2562 804 2610 una
831 2543 877 2610 ta
944 2561 971 2613 s.
991 2561 1039 2613 cie.
1059 2564 1118 2623 app.
1139 2561 1168 2608 aa
1193 2561 1244 2610 iu.
1262 2563 1326 2610 xru.
1345 2560 1387 2609 ei.
1414 2563 1486 2609 aare·

301 2648 411 2708 pn'orom
430 2649 545 2698 enitendi
566 2651 716 2713 quotcunque
733 2651 817 2698 auimo
829 2649 877 2710 ilo-
910 2663 968 2698 neos
980 2650 1043 2698 liled.
1057 2663 1089 2698 m.
1101 2662 1139 2710 pr.
1158 2649 1233 2698 bonus
1245 2663 1316 2711 nepte
1326 2650 1356 2700 ci.
1369 2651 1484 2720 ¹Goereru.

300 2740 390 2799 prante
406 2735 485 2786 liberet
506 2737 661 2799 Simplicitas.
686 2739 755 2787 outae
776 2737 820 2786 etc.
846 2737 877 2785 ad
946 2739 972 2786 7.
992 2737 1067 2786 Varro
1088 2737 1118 2784 de
1135 2739 1161 2787 L.
1175 2739 1201 2785 L.
1213 2739 1263 2788 Vll.
1282 2737 1309 2800 s.
1323 2737 1365 2785 ei.
1385 2751 1411 2798 p.
1425 2738 1486 2786 lid.

302 2838 363 2887 qnae
380 2827 455 2874 Vetus
471 2825 610 2874 scholiastes
627 2827 758 2876 adscribitt
782 2825 879 2874 lucillii
911 2826 957 2874 Ed.
975 2827 1026 2878 on.
1045 2827 1180 2876 Lucretiam
1198 2823 1275 2874 codd.
1293 2825 1411 2874 Lucilium
1427 2827 1488 2874 Ver·

298 2917 325 2961 et
343 2911 487 2963 ‹eoaoaaa
520 2915 550 2962 ut
574 2915 650 2965 Mucii
669 2914 767 2975 quidem
789 2925 877 2960 nomen
912 2915 1019 2976 truilos,
1043 2915 1152 2975 Smligcr.
1175 2913 1231 2961 ride
1251 2913 1282 2962 de
1300 2913 1344 2962 hae
1361 2914 1488 2963 nominum

301 3002 386 3050 Lucilii
410 3015 455 3049 nos
482 3002 611 3062 admonet,
639 2996 775 3062 qui‘iltnm
801 3000 880 3052 satiris
910 3002 1053 3051 contusione
1071 3017 1128 3052 ana.
1140 3002 1172 3050 ad
1188 3003 1218 3050 V.
1236 3003 1277 3050 ii.
1296 3000 1330 3049 iii
1339 3000 1416 3053 codd.
1434 3001 1488 3050 itus

301 3090 456 3137 iaaerarerat
914 3091 1024 3152 Scaliger.
1042 3090 1094 3151 soro
1113 3091 1153 3153 qut
1171 3090 1247 3139 codd.
1269 3089 1365 3151 foroque
1383 3090 1487 3151 scallam

243 3243 250 3250 ι
338 3177 364 3225 a.
382 3177 432 3225 ua.
450 3177 479 3224 aa
502 3179 550 3226 sir.
569 3178 610 3225 vi.
629 3178 653 3228 a.
678 3177 876 3226 ortessueca.
897 3161 978 3241 'aaa
990 3180 1085 3228 simui
1101 3179 1226 3240 pronam.
1246 3177 1288 3226 seo
1300 3177 1359 3238 qua
1377 3177 1421 3239 at,
1440 3191 1488 3226 cur

304 3264 440 3313 emendarit
457 3265 554 3315 conrad.
573 3267 600 3315 L.
614 3265 642 3315 B.
656 3277 722 3328 seqq.
738 3267 786 3314 cir.
804 3269 832 3316 L.
846 3270 876 3317 ll.
913 3269 964 3318 oli.
993 3267 1100 3328 elapsam
1122 3269 1169 3316 hoo
1194 3269 1246 3315 loeo
1273 3265 1405 3327 perfectum
1431 3277 1485 3314 esse

299 3352 381 3416 Epi.
726 3423 729 3428 .
912 3357 996 3420 nebel¹
1023 3368 1062 3404 me
1085 3369 1135 3404 non
1155 3355 1286 3415 intelligere
1308 3353 1395 3402 faleor.
1417 3355 1486 3415 qnod

336 3443 563 3506 u,·oic.13pp.ao
585 3445 632 3494 itt.
645 3446 676 3494 ·l.
695 3445 719 3496 l:
747 3445 802 3506 quid
828 3457 878 3492 noa
910 3443 1033 3508 quomodo
1065 3445 1177 3493 Varronis
1207 3443 1286 3492 verbis
1318 3443 1484 3505 confirmetur,

299 3533 338 3581 est
359 3545 399 3596 q.
417 3533 465 3583 nie.
486 3533 515 3581 et
542 3532 640 3581 omnino
665 3533 759 3581 nullum
780 3545 876 3582 renum
911 3536 988 3583 multo
1004 3535 1085 3582 minus
1101 3533 1255 3582 nniiestum
1273 3532 1319 3582 est.
1336 3533 1409 3580 verba
1426 3532 1486 3581 haec

299 3617 340 3669 hie
356 3631 557 3682 agnoscensque
584 3621 645 3670 allus
667 3622 772 3670 auctoris
792 3623 875 3674 ruia.
910 3625 985 3672 sant:
1015 3624 1150 3684 „clepsere
1167 3621 1246 3683 dixit,
1275 3619 1340 3669 unde
1354 3622 1429 3669 etiam
1445 3621 1486 3669 alii

300 3710 374 3769 ipsius
391 3709 511 3757 Ciceronis
528 3711 585 3760 sunt
605 3711 633 3758 et
651 3709 740 3758 certam
755 3711 876 3771 quandam
912 3709 1021 3772 depae,
1048 3709 1073 3756 id
1096 3710 1148 3770 est,
1173 3709 1334 3770 corrigere3’·
1361 3709 1486 3772 praeterea

301 3796 482 3845 similitudinem
522 3811 576 3845 cum
617 3797 731 3858 rhythmo
767 3799 876 3848 dactilico
912 3803 941 3848 G.
960 3801 1090 3846 Hermann.
1115 3798 1202 3858 Opusc.
1221 3801 1262 3848 lli.
1282 3811 1307 3858 p.
1329 3797 1388 3846 ll9.
1408 3798 1438 3846 ab
1456 3811 1485 3845 eo

301 3885 399 3934 habent.
911 3887 1031 3936 laudatur.

336 3975 361 4027 li.
381 3976 430 4024 Cic.
450 3978 507 4036 Epp.
528 3975 558 4023 ad
574 3977 622 4026 att.
643 3978 673 4024 ll.
695 3975 736 4022 l8.
946 3976 971 4022 8.
990 3974 1116 4022 Endlicher
1129 3973 1251 4022 Anecdoia
1262 3977 1366 4025 Graium.
1386 3989 1409 4036 p.
1424 3974 1482 4021 224.

337 4065 360 4116 li.
379 4065 428 4114 (iic.
446 4063 476 4111 de
495 4063 563 4113 Ollio.
582 4066 600 4110 l.
623 4065 663 4114 59.
682 4065 740 4114 haec
757 4078 806 4113 non
825 4067 874 4113 Lu·
910 4063 997 4112 Valerii
1014 4063 1086 4110 Probi
1104 4061 1134 4110 de
1151 4062 1248 4109 nomine
1267 4059 1296 4124 ὃ.
1316 4062 1357 4112 to.
1381 4064 1406 4111 in
1424 4063 1484 4112 (iod.

301 4154 348 4201 ciiii
365 4166 432 4214 esse,
454 4152 513 4200 mihi
535 4152 633 4212 quidem
656 4153 808 4213 exploratum
827 4155 873 4214 est,
909 4153 946 4200 est
963 4152 1102 4213 Lucretius,
1121 4150 1165 4198 sed
1183 4151 1208 4198 tn
1222 4149 1260 4198 his
1273 4162 1334 4211 quae
1345 4155 1484 4214 supersunt,

301 4242 344 4289 sed
360 4243 439 4290 locum
456 4240 573 4303 apposui,
592 4241 620 4288 ut
635 4241 724 4302 quanta
740 4240 875 4290 temeritate
909 4241 944 4288 nil
962 4239 1009 4288 tale
1031 4240 1132 4300 legitur,
1153 4251 1230 4300 neque
1253 4239 1279 4285 iu
1302 4238 1411 4300 reliqniis
1433 4242 1485 4287 Lu-

300 4329 376 4390 egerit
395 4330 460 4378 Dusa
468 4363 476 4388 ,
499 4328 619 4378 neminem
638 4329 721 4389 fugiat.
910 4329 972 4390 cilii3
986 4341 1089 4389 quorum
1101 4327 1197 4376 uomina
1211 4341 1224 4375 a
1237 4326 1402 4375 Grammaticis
1414 4340 1485 4388 saepe
