3290 5130
284 409 367 450 cruvr
652 386 704 454 bc
721 383 921 444 ornatore
940 383 1089 446 LUCILII.

283 537 444 599 librorum·
455 535 601 596 nonnulla
622 533 797 612 fragmenta
810 540 1000 612 occurrunt,
1024 549 1104 610 quae
1119 539 1150 594 et
1170 529 1352 606 archaismis
1365 545 1476 598 carent

284 667 316 720 et
337 651 497 720 tersiorem
521 655 718 722 Latinitatem
747 652 883 727 habent,
909 652 1158 727 Werusdorfius‚
1185 655 1286 716 Poett.
1307 659 1374 718 Lat.
1397 659 1472 726 min.

283 781 317 842 T.
340 781 392 840 IV.
415 798 446 858 p.
463 780 509 840 lb.
530 777 696 859 iudicavit,
726 794 763 839 ea
788 778 895 856 >potius
919 777 1037 838 Lucilio
1064 775 1181 837 iuniori
1201 793 1268 838 esse
1295 778 1473 844 tribuenda.

286 903 347 977 „Si
367 900 500 980 quidem.
512 898 659 980 Apuleius
682 898 795 959 Florid.
818 900 870 958 tv.
902 913 1014 977 equum
1036 895 1216 964 describens
1243 899 1356 960 sortem
1374 865 1475 980 aeque

285 1039 322 1083 ac
344 1022 488 1102 rapidum
517 1028 549 1083 et
572 1006 696 1082 montes
723 1019 842 1100 pariter
871 1037 908 1080 ac
934 1037 1060 1099 campos
1089 1027 1342 1098 percurrentem,
1363 1023 1477 1112 ¹utitur

284 1161 376 1206 versu
397 1143 528 1204 Lucilii:
551 1143 604 1221 qui
625 1159 750 1220 campos
770 1141 927 1220 collesque
947 1142 1046 1221 gradu
1075 1143 1249 1221 perlabitur
1272 1110 1359 1216 uuor
1386 1144 1474 1212 llaec

285 1273 332 1328 e‘st
366 1266 541 1348 proprietas
573 1266 707 1330 maxime
738 1277 893 1344 'equorum
919 1267 1120 1340 Siculorum,-
1145 1253 1191 1328 'ut
1222 1273 1357 1334 testatur
1377 1269 1472 1331 that.

286 1391 401 1470 Cyneg.
425 1408 470 1451 vs.
491 1389 566 1462 bib,
594 1395 626 1450 et
646 1365 867 1466 equiAetnaei
893 1385 1093 1452 habebantur
1118 1389 1331 1468 praeceleres,
1359 1396 1395 1452 ut
1414 1389 1473 1453 ob-

285 1517 390 1572 servat
416 1512 498 1572 Cael.
520 1507 653 1590 Rhodig.
676 1511 779 1588 Antiq.
810 1511 889 1571 lect.
912 1505 967 1571 lib.
988 1512 1067 1573 XXl.
1091 1511 1149 1582 am
1182 1527 1259 1588 quoe
1286 1511 1382 1592 igitur
1399 1483 1475 1574 *non

285 1634 418 1696 tacuisse
439 1634 563 1696 videtur
582 1634 717 1697 Lucilius
738 1634 842 1695 iunior
862 1636 1060 1709 Procurator,
1084 1633 1207 1724 Siciliae
1228 1635 1263 1695 in
1284 1632 1473 1696 memorabi-

285 1754 366 1816 libus
394 1756 461 1818 eius
485 1756 682 1835 provinciae,
710 1773 790 1834 quae
822 1755 862 1817 ab
889 1774 927 1818 co
943 1756 1110 1818 celebrata
1130 1773 1226 1820 versu
1240 1773 1327 1828 esse,
1353 1759 1479 1822 Seneca-

286 1867 454 1940 testis-est.
497 1880 547 1939 Sic
575 1880 691 1941 Gellius
716 1879 854 1954 scribit„
869 1879 936 1940 Lib.
953 1881 976 1940 l.
998 1897 1027 1939 c.
1044 1880 1072 1940 5.
1106 1881 1201 1962 „Hoc
1220 1877 1361 1958 prolecto
1379 1893 1474 1940 nemo

266 2005 268 2012 ⁴
286 2001 461 2078 ignoravit:
485 2001 579 2060 etiam
599 2001 778 2078 priusquam
791 1998 962 2080 Theognis,
984 2008 1020 2060 ul
1033 2000 1075 2061 ait
1089 2001 1233 2074 Lucilius,
1257 2005 1439 2062 nasceretur
1445 1997 1474 2070 ;’·’

286 2137 348 2182 non
368 2121 461 2202 video
481 2120 635 2198 quomodo
654 2119 715 2178 hoc
736 2093 935 2197 proverbium
955 2121 987 2176 in
1016 2119 1198 2179 hexametro
1218 2123 1268 2182 vel
1288 2123 1348 2184 aiio
1367 2137 1472 2192 versu,

286 2261 347 2322 quo
367 2243 503 2304 Lucilius
516 2241 674 2318 satyricus
687 2239 821 2317 scripsit,
837 2247 944 2301 extare
959 2240 1110 2318 potuerit,
1127 2241 1182 2304 scd
1199 2258 1217 2302 e
1230 2257 1322 2320 prosa
1335 2240 1479 2306 oratione

289 2365 419 2424 alicuius
439 2339 547 2422 Lucilii
567 2366 722 2439 sumptum
748 2366 811 2434 est,
832 2329 892 2440 qna
914 2361 1068 2421 iuniorem
1091 2362 1238 2421 nonnulla
1257 2363 1436 2441 scripsisse,
1458 2381 1476 2424 e

191 2542 195 2550 ,
286 2487 404 2546 Seneca
425 2482 644 2564 intellegimus.
686 2483 723 2542 Et
747 2469 949 2562 proferuntur
976 2481 1129 2559 quaedam
1154 2483 1233 2542 loca¹
1250 2490 1281 2544 et
1302 2484 1476 2546 sententiae

285 2606 395 2668 Lucilii
414 2624 432 2670 a
452 2608 612 2669 veteribus
631 2607 861 2680 Grammaticis,
888 2623 968 2684 qnae
989 2624 1051 2667 uon
1071 2613 1183 2684 poetae
1203 2606 1258 2667 sed
1276 2606 1481 2668 Grammatici

286 2733 336 2792 nel
360 2731 494 2793 rhetoris
518 2737 689 2812 praecepta
714 2747 782 2792 esse
805 2727 961 2790 videnlur.
1003 2727 1090 2800 Talia
1115 2733 1203 2802 sunt,
1229 2745 1309 2806 quae
1329 2745 1347 2791 a
1368 2729 1476 2790 Servio

286 2854 421 2916 adrian.
444 2856 496 2915 tx.
517 2853 585 2915 579.
613 2870 630 2914 a
652 2853 745 2912 Curio
765 2854 923 2912 Fortunat.
948 2853 1016 2910 Art.
1036 2848 1129 2910 libet.
1154 2850 1210 2909 lib.
1233 2852 1285 2913 lll.
1307 2869 1339 2930 p.
1359 2869 1401 2912 m.
1423 2850 1472 2913 Μ.

286 2982 318 3036 et
337 2976 378 3035 ab
401 2975 518 3036 Isidoro
539 2974 623 3052 Orig.
644 2969 702 3034 lib.
721 2975 746 3034 1.
767 2989 796 3034 c.
811 2973 860 3034 52.
884 2949 1092 3034 adducuntur.
1133 2973 1173 3033 eit
1195 2971 1345 3035 Lucilium
1371 2972 1476 3032 lunio·

286 3113 352 3156 rem
377 3096 527 3156 nonnulla
554 3095 695 3176 prosaica
723 3102 755 3156 et
780 3096 820 3156 ad
842 3095 1080 3156 Grammaticam
1107 3095 1296 3174 pertinentia
1315 3093 1476 3173 scripsisse

286 3217 377 3278 facile
399 3231 423 3278 e*
441 3218 578 3278 Senecae
607 3217 744 3297 epistolis
767 3217 894 3297 probari
924 3224 1043 3298 potest,
1073 3217 1185 3296 quibus
1212 3223 1245 3278 et
1271 3215 1387 3294 scripta
1406 3191 1477 3276 eius

286 3338 409 3414 laudat,
439 3345 471 3400 et
495 3355 653 3400 sermones
683 3333 722 3400 de
747 3339 842 3400 rebus
863 3312 1078 3400 Grammaticis
1101 3357 1183 3400 cum⁴
1199 3356 1236 3400 eo
1256 3338 1473 3398 communicat.

287 3463 371 3524 Haec
392 3469 424 3524 et
444 3463 522 3538 alia,
545 3481 625 3542 quae
644 3441 726 3525 forte
740 3469 928 3558 occurrunt,
950 3464 975 3524 si
995 3461 1163 3542 diligenter
1182 3467 1339 3536 notentur,
1360 3459 1476 3539 poterit

289 3591 374 3646 certe
388 3603 501 3647 nomen
518 3585 628 3646 Lucilii
649 3587 781 3648 iunioris
802 3585 842 3646 ab
862 3585 1069 3658 obscuritate,
1091 3593 1152 3663 qua
1172 3599 1352 3664 oppressum
1374 3579 1477 3644 adhuc

286 3706 398 3778 iacuit,
421 3707 574 3767 vindicari
587 3707 752 3785 notiusque
767 3707 897 3769 eruditis
916 3707 1017 3780 reddi,
1040 3707 1122 3769 elc.''
1154 3709 1321 3768 Praeterea
1342 3675 1376 3766 et
1396 3705 1476 3765 Por-

287 3822 440 3904 phyriouc
461 3834 494 3888 et
513 3827 675 3907 Fulgentio
694 3828 875 3891 auctoribus
894 3829 1045 3890 Lucilium
1066 3825 1277 3922 nescioquem
1297 3825 1476 3890 comoedia·
1522 3887 1527 3894 ,

285 3963 354 4006 rum
371 3947 552 4026 scriptorem
568 3958 826 4026 commemorant,
848 3957 880 4011 et
899 3956 1023 4034 poetam
1038 3949 1325 4028 epigrammaticum
1345 3955 1377 4010 et
1391 3969 1478 4012 σκω-

285 4067 408 4135 πτικόν
431 4086 507 4131 aero
526 4071 742 4137 'theodosiano
763 4073 936 4148 celebrem,
959 4072 1017 4133 cir.
1039 4072 1236 4136 Wernstlorl.
1250 4073 1284 4133 in
1298 4070 1420 4134 dissert.
1437 4069 1477 4130 de

285 4200 369 4274 poet.
393 4197 493 4274 Satyr.
512 4198 547 4256 Τ.
563 4194 616 4258 lll.
640 4200 674 4258 P.
690 4197 730 4259 M.
752 4216 784 4277 p.
799 4197 908 4257 XXlV.
940 4194 1029 4273 Quae
1041 4194 1167 4275 quidem
1181 4196 1284 4256 omnia
1304 4210 1397 4273 quam
1416 4190 1479 4251 sint

284 4317 404 4379 infirma
427 4316 536 4392 adid,
557 4319 640 4398 quod
665 4316 899 4382 Wemsdorlius
917 4317 1033 4392 voluit,
1063 4317 1275 4398 probandum,
1303 4330 1394 4376 nemo
1415 4329 1478 4373 non
