3242 5138
617 443 667 500 llll
685 441 717 500 G.
730 441 869 502 Lucrati
887 443 989 502 VITA.
1354 451 1396 494 vn

204 592 329 671 quidem
342 590 454 652 Annal.
470 591 522 648 111.
539 589 605 649 ill.
629 605 699 650 eam
718 605 736 648 a
757 589 882 650 tribuno
902 590 1003 669 plebis
1022 597 1162 670 rogatam
1180 567 1316 665 iudicat,
1337 591 1393 656 sed
1493 629 1494 632 =

205 681 297 775 nullis
326 713 378 774 ille
407 711 596 789 argumentis
632 711 782 772 iudicium
814 710 1010 774 confirmans.
1057 713 1163 792 Neque
1194 716 1392 776 Drumannus

204 837 282 899 Hist.
304 837 391 896 Rom.
408 835 458 893 tv.
474 851 505 910 p.
522 833 569 894 70.
593 831 632 892 ad
655 839 775 911 tempus
794 833 871 912 legis
886 833 1023 895 Liciniae
1043 835 1294 900 constituendum
1307 834 1392 898 aliud

204 959 280 1018 lacit
302 973 395 1035 quarn
414 962 526 1016 testem
545 940 767 1034 Hieronymum
788 955 879 1028 citat,
909 957 962 1034 qui
982 957 1133 1018 Lucilium
1156 964 1228 1018 ante
1255 959 1290 1018 P.
1312 958 1393 1018 Lici·

205 1079 288 1142 nium
310 1078 467 1140 consulem
489 1074 978 1156 (11111111111111111111111,
1000 1079 1143 1140 Hortens.
1172 1096 1204 1157 p.
1220 1080 1267 1140 77.
1291 1095 1323 1140 n.
1346 1077 1392 1154 lt.)

204 1207 359 1262 mortuum
374 1217 446 1262 csse
467 1200 659 1276 tradiderit.¹
685 1199 847 1270 Fischerns
866 1199 1041 1278 quoque'in
1064 1199 1179 1262 tabulis
1196 1199 1393 1279 chronologi-

203 1323 248 1384 cis
266 1322 343 1384 iaso.
366 1324 404 1384 11.
427 1323 679 1396 11111111111111
702 1328 814 1401 poetae
840 1320 935 1384 vitam
956 1321 1074 1399 aliquot
1099 1322 1188 1383 annis
1212 1321 1391 1400 producen-

207 1444 278 1506 dam
296 1461 364 1507 esse
381 1445 562 1518 censuisset,
584 1444 667 1505 illius
680 1443 981 1522 argumentationem
994 1459 1105 1521 parum
1116 1442 1313 1522 probabilem
1324 1459 1393 1506 esse

202 1566 319 1628 docuit.
360 1569 468 1644 ltaque
497 1567 531 1626 in
560 1565 656 1627 dubio
689 1565 869 1644 ponendum
899 1572 964 1637 est,
995 1570 1100 1626 utrum
1124 1581 1142 1625 a
1162 1566 1289 1627 consule
1313 1582 1392 1626 ana

204 1695 349 1768 praetore
369 1689 421 1749 lex
439 1689 502 1750 lata
523 1689 571 1749 sit.
614 1687 674 1750 Sed
695 1686 756 1748 hoc
779 1687 905 1766 quidem
925 1703 983 1765 pro
1003 1694 1090 1748 certo
1110 1687 1259 1750 allirmari
1278 1692 1390 1770 potest,

201 1810 285 1888 quod
304 1811 439 1872 Lucilius
459 1811 536 1889 legis
556 1811 692 1870 Liciniae
710 1809 903 1869 mentionem
920 1808 1051 1880 lecerit,
1074 1825 1112 1868 eo
1125 1825 1188 1870 uun
1204 1809 1390 1878 necessario,

201 1933 374 2011 longiorem
404 1933 471 1994 eius
496 1932 592 1992 vitam
620 1930 838 1992 demonstrari.
883 1930 1024 1993 Potuisse
1049 1931 1133 1992 enlm
1158 1936 1191 1992 et
1219 1947 1237 1990 a
1266 1928 1392 1992 tribuno

201 2053 302 2132 plebis
321 2060 353 2114 et
375 2069 391 2112 a
412 2058 557 2132 praetore
574 2053 676 2131 legem
688 2051 792 2131 rogari
805 2050 1003 2112 manifestum
1017 2057 1081 2123 est,
1103 2030 1281 2131 quanquam
1299 2068 1392 2131 praa·

204 2180 291 2248 tura,
314 2191 374 2251 quo
398 2173 526 2253 propius
546 2189 564 2234 a
585 2173 747 2264 consulatu
767 2173 871 2247 abest,
892 2191 931 2234 eu
949 2174 1019 2252 plus
1037 2173 1265 2252 probabilitatis
1283 2171 1390 2235 babet.

201 2296 292 2355 Certe
311 2295 449 2357 Lucilius
467 2313 529 2357 non
552 2295 596 2356 ita
616 2295 713 2355 multo
732 2300 802 2373 post
821 2294 903 2356 diem
916 2311 1104 2373 supremum
1117 2293 1248 2356 obierat.
1282 2295 1392 2356 Cicero

200 2418 282 2479 enim
311 2418 344 2478 in
373 2416 462 2478 libris
492 2416 532 2478 de
562 2417 711 2490 Oratore,
744 2433 820 2495 quos
848 2417 986 2497 dialogos
1015 2433 1097 2478 anno
1122 2415 1157 2478 91
1180 2416 1309 2478 babitus
1323 2434 1391 2479 esse

200 2539 304 2619 fingit,
326 2539 565 2600 interlocutores
585 2538 625 2600 de
646 2538 678 2598 C.
701 2538 818 2601 Lucilio
842 2545 990 2616 tanquam
1011 2538 1050 2599 de
1076 2544 1198 2600 mortun
1225 2539 1391 2617 loquentes

200 2661 337 2734 inducit,
353 2661 411 2722 cir.
428 2660 467 2721 de
482 2661 533 2721 01.
549 2662 574 2731 1,
590 2660 637 2720 16.
660 2659 747 2732 „sed
760 2666 797 2720 ut
809 2658 929 2721 solebat
943 2661 977 2720 C.
992 2661 1127 2722 Lucilius
1140 2675 1234 2738 saepe
1248 2659 1391 2731 dicere;”

201 2782 244 2843 id.
261 2783 300 2840 11.
316 2780 345 2843 6.
369 2796 472 2854 „nam
491 2785 528 2840 ut
539 2781 573 2839 C.
590 2778 741 2853 Lucilius,
763 2777 857 2840 bomo
871 2780 981 2842 doctus
994 2786 1027 2842 ct
1045 2779 1252 2858 perurbanus,
1270 2779 1391 2842 solebat

201 2901 339 2965 dicere.''

277 3025 417 3102 Quorum
436 3023 564 3103 quidem
584 3024 753 3086 verborum
776 3041 815 3085 eo
834 3024 932 3084 maior
944 3023 998 3084 'vis
1010 3029 1073 3095 est,
1095 3021 1179 3100 quod
1196 3003 1278 3083 baec
1291 3021 1393 3083 obiter

202 3153 309 3237 notata
331 3153 420 3218 sunt;
441 3147 501 3208 nisi
521 3147 682 3225 quisunt,
704 3147 758 3226 qui
777 3150 932 3238 statuant,
954 3145 1135 3206 Ciceronem
1148 3143 1276 3205 consilio
1289 3143 1393 3206 diver·

200 3285 304 3330 sorum
335 3275 511 3347 temporum
540 3267 677 3330 rationes
707 3267 927 3349 perturbasse;
961 3266 1017 3328 sed
1047 3267 1115 3335 Van
1138 3266 1291 3328 liausdius
1316 3271 1392 3326 ute

202 3390 408 3453 conclusionis
421 3389 571 3470 angustiis
584 3389 751 3461 eraderet,
773 3387 937 3482 artificium
952 3385 1113 3461 adhibuit,
1135 3393 1229 3466 atque
1240 3357 1393 3450 Lucilium

199 3512 251 3572 illo
269 3518 410 3590 tempore
429 3510 508 3572 urbe
529 3511 665 3572 abluisse
687 3510 857 3572 iudicauit!
912 3591 914 3598 Α

275 3636 315 3694 at
327 3600 418 3695 11111
431 3633 566 3694 Lucilius
577 3632 617 3693 ab
628 3631 755 3694 Horatio
770 3631 944 3710 appellatus
953 3635 1013 3692 est.
1026 3628 1085 3690 111.
1096 3629 1237 3691 sermon.
1249 3631 1289 3692 11.
1301 3630 1329 3690 1.
1340 3628 1389 3690 28.

354 3755 410 3816 lllo
429 3754 590 3832 (Lucilius)
610 3753 697 3818 velut
716 3752 786 3814 lidie
805 3768 920 3813 arcana
940 3750 1097 3812 sodalibus
1118 3750 1191 3812 olim
1304 3773 1308 3792 ·

351 3875 507 3936 credebat
525 3875 633 3938 libris:
658 3891 761 3953 neque
784 3875 810 3936 si
828 3875 912 3936 male
930 3878 1081 3945 cesserat,
1103 3886 1241 3950 unquam

352 3998 530 4060 1111111111
550 3997 627 4070 alio,
649 4013 751 4076 neque
770 3996 797 4056 si
816 3996 910 4058 bene.
933 4013 995 4074 quo
1013 3988 1063 4068 tit,
1086 4000 1122 4056 ut
1141 3992 1247 4056 omnis-

280 4141 283 4147 ·
350 4117 462 4180 Votiva
483 4125 591 4198 patent
609 4118 707 4181 veluti
726 4117 883 4197 descripta
902 4116 1019 4180 tabeba

319 4280 321 4286 η
350 4240 422 4300 Vita
441 4240 534 4303 sanis.

276 4361 385 4424 Audio.
415 4377 467 4423 res
494 4361 669 4428 manilesta.
711 4361 781 4424 Sed,
801 4361 934 4424 llauibal
964 4377 1000 4422 se
1027 4360 1131 4440 ipsum
1158 4373 1266 4422 senem
1293 4355 1390 4428 dixit,
