3242 5138
262 372 353 412 xnvrrr
460 353 510 410 DE
529 351 771 416 stnuutolttut
787 353 985 413 Libuoublt
1001 353 1258 418 ludunensis

263 501 455 581 putaverim,
486 501 529 562 ita
558 508 594 562 ut
622 501 747 582 saepius
776 501 983 564 diversissima
1012 503 1046 564 in
1076 502 1186 565 eodem
1212 503 1292 566 libro
1323 511 1459 576 tractata

264 624 362 684 inisse
383 623 560 686 videantur.
603 623 694 700 Quod
714 624 739 684 si
759 639 834 686 vere
854 622 1029 684 coniectum
1053 631 1111 698 est,
1132 627 1235 687 inanis
1253 625 1385 690 fortasse
1411 635 1461 690 at-

263 764 324 825 que
354 762 587 825 supervacanea
612 746 712 807 omnis
738 752 785 808 est
812 745 854 808 de
879 746 1030 807 librorum
1059 748 1250 826 argumentis
1275 748 1457 829 disputatio.

264 868 325 929 Sed
356 869 416 928 boc
443 868 491 936 ,ita
521 866 598 928 terri
628 885 718 945 posse
745 866 886 940 videtur,
917 874 953 928 ut
978 868 1052 928 satis
1071 865 1244 930 habeamus
1261 886 1298 930 ea
1320 877 1456 947 notasse,

267 1006 348 1068 quae
369 1007 440 1050 cum
461 988 681 1067 probabilitate
702 986 836 1066 quadam
858 1006 895 1051 ex
917 990 1025 1070 paucis
1047 989 1231 1069 fragmentis
1244 992 1347 1072 colligi
1366 1011 1458 1072 posse

262 1113 419 1182 videntur,
446 1127 604 1188 nunquam
625 1117 729 1176 autem
752 1125 789 1170 eo
805 1110 955 1172 audaciae
974 1110 1198 1190 procedamus,
1222 1118 1259 1172 nt
1276 1115 1374 1176 multa
1395 1116 1457 1176 alia

262 1232 393 1293 fortasse
418 1231 451 1292 in
473 1195 583 1292 eodem
608 1231 690 1291 libro
711 1238 843 1292 tractata
868 1231 965 1293 tuisse
985 1233 1159 1312 negemus
1186 1237 1251 1300 lam
1272 1253 1354 1298 uero
1383 1237 1458 1301 libri

262 1355 355 1434 primi
372 1359 590 1433 argumentum
610 1353 693 1432 quod
714 1354 840 1426 attinet,
871 1352 1022 1416 habemus
1048 1356 1122 1422 satis
1144 1356 1337 1419 luculentum
1356 1360 1458 1424 Servii

263 1476 489 1550 testimonium,
521 1476 575 1554 qui
602 1482 724 1554 partem
749 1475 822 1536 libri
841 1476 878 1537 X.
901 1475 1055 1538 Aeneidos
1081 1477 1154 1538 inde
1181 1495 1199 1538 a
1225 1497 1318 1541 versu
1340 1481 1396 1542 tot
1415 1499 1457 1543 ex

262 1599 380 1662 Lucilio
410 1617 590 1678 expressam
612 1614 680 1662 esse
706 1600 828 1661 statuit.
865 1601 1034 1662 Praeterea
1060 1600 1161 1661 eidem
1185 1600 1267 1662 libro
1294 1603 1457 1684 epistolam

260 1719 299 1782 ad
325 1719 495 1784 bdelium
516 1723 665 1784 Stilonem
697 1721 879 1814 adiunctam
904 1717 1014 1794 inisse,
1046 1739 1108 1782 non
1136 1730 1183 1786 est
1210 1724 1293 1802 quod
1319 1724 1454 1800 dubites,
1486 1784 1490 1790 ,

260 1844 376 1923 quippe
397 1846 448 1905 cui
470 1846 604 1906 Lucilius
626 1852 726 1906 totum
747 1847 835 1907 illum
854 1845 970 1906 librum
990 1845 1040 1906 vel
1065 1813 1168 1924 potius
1186 1845 1300 1934 librum
1319 1847 1457 1926 priorem

262 1964 397 2024 omnium
419 1967 607 2024 Saturarum
629 1963 834 2026 dedicaverit.
874 1966 969 2026 Multa
990 1973 1094 2028 autem
1114 1967 1172 2028 alia
1192 1960 1365 2048 fragmenta
1384 1967 1459 2030 buic

259 2088 340 2150 libro
358 2084 589 2158 adscribuntur,
612 2101 693 2163 quae
718 2084 757 2146 ab
773 2085 825 2146 illo
845 2084 975 2146 deorum
996 2087 1128 2147 concilio
1141 2087 1236 2150 luisse
1250 2090 1350 2152 aliena
1365 2092 1457 2154 lacile

260 2209 370 2287 aliquis
384 2207 563 2270 crediderit.
605 2208 672 2266 lam
696 2206 793 2284 ipsius
813 2206 888 2266 libri
907 2206 995 2266 initio
1015 2201 1206 2288 Happdlcu
1225 2210 1308 2272 illius
1327 2213 1458 2274 deorum

260 2331 384 2390 concilii
409 2309 508 2390 ⁴luisse
541 2326 741 2406 putaverim,
784 2327 867 2404 quod
901 2328 1051 2388 llomerus
1085 2327 1215 2389 absente
1248 2331 1391 2410 Neptuno
1423 2337 1458 2396 in

258 2451 426 2531 Olympum
441 2467 462 2526 a
472 2451 537 2510 lovi
551 2455 759 2510 convocatum
776 2466 843 2510 esse
857 2447 1007 2522 finxerat,
1031 2448 1090 2512 Od.
1106 2450 1130 2510 l.
1146 2450 1185 2510 26
1199 2467 1265 2528 sqq.
1290 2453 1458 2517 Consilium

260 2571 345 2635 haud
368 2573 464 2637 dubie
489 2573 549 2634 luit
581 2547 754 2646 diversum,
782 2570 929 2634 videntur
957 2571 1040 2632 enim
1068 2572 1174 2653 superi
1200 2589 1269 2632 cum
1297 2571 1459 2638 derebus

260 2695 402 2760 humanis
422 2697 457 2758 in
474 2697 668 2767 universum,
691 2695 730 2756 lr.
748 2696 775 2757 l.
799 2695 969 2756 Consilium
989 2697 1115 2786 summis
1135 2695 1291 2756 bominum
1313 2697 1348 2756 de
1368 2694 1458 2758 rebus

260 2820 420 2894 laubabunt,
443 2826 508 2878 tum
524 2817 563 2879 de
586 2818 686 2878 salute
699 2815 891 2895 reipublicae
913 2817 1069 2880 Romanae
1083 2819 1199 2900 tuenda
1214 2817 1376 2878 consilium
1395 2815 1456 2880 ha·

261 2939 376 3013 buisse,
399 2939 432 3001 id
453 2939 536 3018 quod
557 2957 595 3000 ex
614 2939 654 3000 fr.
670 2939 700 2999 5.
722 2939 870 3018 colligas:
896 2955 954 3017 quo
971 2940 1121 3019 populum
1134 2941 1231 3026 adque
1244 2939 1349 2999 urbem
1367 2949 1457 3018 pacto

261 3079 382 3124 servare
408 3064 534 3140 petisset
562 3062 700 3141 amplius
722 3061 906 3122 Romanum.
946 3060 1001 3119 Cui
1030 3059 1156 3138 quidem
1181 3060 1229 3142 rei
1255 3058 1334 3132 nihil
1358 3064 1457 3142 magis

260 3183 385 3245 obstare
401 3183 578 3256 videbatur,
605 3201 697 3262 quam
712 3189 875 3261 corruptos
889 3183 1023 3244 civitatis
1042 3187 1161 3256 mores,
1183 3185 1344 3244 avaritiam
1364 3191 1457 3264 atque

259 3306 429 3366 luxuriam.
458 3302 603 3384 inprimis
615 3305 721 3366 autem
736 3305 916 3367 damnosum
931 3322 998 3366 esse
1012 3310 1189 3366 statuerunt
1201 3304 1373 3371 rhetorices
1386 3303 1457 3384 phi-

259 3426 421 3509 losophiae
435 3434 529 3507 atque
546 3427 731 3488 dialectices
745 3426 892 3499 studium,
914 3426 1030 3506 quippe
1048 3425 1130 3503 quod
1145 3427 1235 3487 simul
1248 3445 1319 3488 cum
1330 3427 1455 3501 inertia,

261 3549 446 3623 invaluerit,
469 3556 502 3611 et
522 3549 562 3610 ad
582 3549 710 3611 insidias
731 3545 821 3613 alteri
841 3546 1001 3611 iaciendas
1022 3547 1090 3608 lere
1110 3528 1308 3610 adhibeatur.
1333 3548 1391 3608 cir.
1414 3548 1454 3608 ir.

258 3672 322 3732 ine.
345 3671 374 3732 a.
407 3671 465 3732 cir.
486 3671 596 3733 Aelian
615 3672 653 3732 V.
670 3671 707 3730 bl.
725 3672 778 3731 ΙΙΙ.
797 3672 844 3731 ll.
873 3671 934 3732 Sed
954 3669 994 3730 ad
1014 3686 1196 3748 perversum
1216 3669 1293 3731 illud
1313 3670 1456 3732 dialecti-

260 3810 313 3855 ces
334 3794 495 3867 studium,
520 3792 604 3872 quod
624 3799 690 3854 tum
710 3791 888 3865 iactabant,
916 3792 956 3854 ir.
972 3792 1034 3854 inc.
1051 3792 1098 3852 li.
1126 3792 1283 3870 pertinere
1309 3791 1455 3863 videtum

262 3923 310 3978 est
330 3918 413 3977 enim
429 3934 469 3977 ex
483 3913 629 3994 captiosis
648 3912 709 3974 illis
729 3911 1000 3986 conclusiunculis,
1023 3911 1136 3991 quibus
1159 3911 1316 3992 sophistae
1343 3911 1457 3974 adver-

162 4061 164 4068 <
259 4039 357 4101 sarios
376 4039 409 4100 in
433 4055 572 4101 errorem
596 4037 747 4098 inducere
757 4034 939 4099 studebant.
971 4032 1174 4114 Philosopbos
1186 4035 1319 4097 irrisisse
1334 4033 1458 4095 videtur

261 4160 301 4221 ir.
316 4161 379 4224 inc.
396 4163 445 4226 25.
468 4161 522 4224 ubi
536 4161 620 4223 idem
634 4160 807 4221 Stoicorum
821 4163 1026 4239 praeceptum
1041 4159 1188 4240 exagitat,
1210 4156 1294 4235 qnod
1314 4157 1458 4218 lloratius

259 4285 362 4366 tangit
381 4287 411 4348 S.
427 4288 499 4372 ¹55·
518 4285 595 4356 litu
626 4283 760 4350 maxime
793 4290 898 4346 autern
930 4281 1149 4364 conqueritur,
1177 4277 1262 4358 quod
1291 4284 1355 4340 tam
1381 4291 1456 4357 per-
