3290 5130
261 359 368 405 ursum
633 339 683 394 ull
702 336 897 396 cultione
919 334 1068 394 LUCILII.

258 486 343 567 apud
370 486 583 568 cassiodorum
609 483 649 544 de
677 478 899 564 orthographia
919 497 948 540 c.
965 481 992 540 l.
1014 477 1330 558 postulaveritis:
1362 484 1446 554 „trae

230 656 235 670 .
258 611 352 672 Lucio
372 627 487 689 quoque
506 606 656 678 uidetur.”
676 603 793 682 Lucilio
815 602 967 682 corrigat,
995 600 1078 680 quod
1106 599 1167 662 hoo
1190 618 1230 662 ex
1251 602 1386 666 Cornuto
1405 605 1447 668 sit

260 737 459 810 excerptum,
496 745 600 790 nonne
633 727 729 789 multo
763 725 911 804 maiorem
939 722 1036 805 babet
1064 722 1331 802 probabilitatem,
1362 726 1446 806 apud

257 852 327 914 illos
354 851 574 928 Grammaticos
602 827 656 910 aut
675 849 818 929 ¹ipsorum
839 844 997 908 erroribus
1005 891 1018 918 ‚.
1041 853 1105 913 aut,
1119 845 1318 922 librariorum
1341 847 1445 926 culpa,

259 972 556 1042 nomenlsucttium
585 971 618 1031 in
636 971 774 1042 ‚Luctum
801 969 895 1030 fuisse
927 969 1134 1048 corruptum?
1171 966 1233 1028 Sed
1258 965 1319 1028 hac
1345 967 1385 1028 de
1410 987 1445 1043 re

258 1111 355 1174 penes
375 1093 585 1172 intelligentes
605 1092 647 1154 sit
662 1091 823 1160 iudicium.
857 1089 1008 1170 liquidem
1026 1090 1086 1150 nisi
1105 1088 1241 1150 firmiora
1261 1089 1354 1150 allata
1372 1088 1444 1152 luc-

258 1214 337 1290 riut‚
361 1214 400 1275 dc
421 1215 549 1288 Lucilio,
571 1215 659 1274 cuius
679 1220 766 1274 tanta
786 1213 869 1292 apud
887 1214 1021 1288 seriores
1033 1212 1256 1290 Grammaticos
1275 1210 1371 1274 tuerit
1389 1228 1445 1285 au-

259 1337 400 1410 ctoritas,
423 1334 501 1409 nihil
522 1335 762 1415 derogaverim„
810 1381 813 1390 .
888 1401 891 1408 Δ
1158 1405 1163 1410 .

334 1457 490 1534 Quamdiu
504 1463 609 1518 autem
628 1455 738 1518 Lucilii
755 1457 893 1548 carmina
907 1426 1095 1516 inmanibus
1112 1455 1270 1532 bominum
1284 1453 1446 1520 ductorum

258 1579 394 1654 fuerint,
416 1579 469 1638 vix
489 1578 529 1640 ad
548 1578 700 1657 liquidum
719 1577 851 1659 perduci
870 1577 996 1658 poterit,
1019 1583 1051 1648 et
1064 1576 1190 1656 egregie
1209 1576 1368 1648 falluntur,
1390 1575 1445 1654 qui

258 1717 297 1760 ex
317 1703 484 1764 Petrarcae
504 1701 608 1789 verbis
637 1701 721 1780 (Son.
749 1701 830 1780 lot.)
855 1701 915 1761 hoc
937 1699 1063 1774 efficere
1090 1661 1180 1779 posse
1203 1696 1262 1760 sibi
1287 1697 1442 1770 videntur,

258 1823 351 1883 ctiam
371 1830 439 1884 tum
460 1823 615 1888 Lucilium¹
629 1823 787 1902 integrum
806 1828 963 1885 servatum
986 1821 1099 1893 tuisse:

489 1944 518 2002 S'
538 1944 568 2002 io
589 1943 664 2004 fossi
684 1943 883 2009 statolermo
903 1960 921 2020 a
941 1945 970 2004 la
991 1944 1148 2022 spelunca.
1190 1989 1196 1998 .
1239 1987 1242 1994 ·
1332 2011 1335 2016 ,
1389 1943 1392 1950 ’

486 2061 547 2135 Lb,
569 2062 638 2124 dov'
661 2062 791 2142 Appollo
812 2060 938 2124 diventb
956 2063 1096 2142 profeta,

489 2184 637 2244 Fiorenza
656 2181 765 2265 bauria
786 2182 858 2244 sors’
882 2183 952 2262 oggi
972 2183 995 2242 il
1014 2200 1082 2246 suo.
1089 2189 1198 2262 poeta,

487 2305 554 2363 Non
573 2322 634 2390 pur
654 2305 793 2375 Verona,
817 2320 834 2362 e
855 2305 1014 2376 llantova,
1041 2303 1083 2372 cd,
1097 2304 1232 2365 Arunca.

258 2425 422 2490 Auruncae
450 2421 531 2481 enim
560 2423 668 2486 eadem
689 2430 736 2484 est
758 2423 873 2504 gloria,
893 2423 967 2488 sive
997 2430 1108 2501 poetae
1133 2421 1207 2493 inde
1231 2425 1355 2512 oriundi
1378 2445 1448 2488 car-

256 2545 339 2605 mina
361 2550 496 2606 aetatem
520 2544 674 2616 tulerunt,
703 2529 768 2608 siv'e
795 2544 1024 2620 desiderantur,
1053 2543 1219 2626 dummodo
1246 2547 1447 2624 nomeueius

257 2665 297 2728 sit
316 2667 519 2756 celebratum.
554 2667 614 2728 Sed
634 2668 738 2750 lacera
758 2673 869 2747 poetae
889 2668 1081 2750 fragmenta,
1104 2684 1184 2746 quac
1203 2668 1349 2748 passima
1366 2670 1446 2730 scri-

258 2790 400 2868 ptoribus
420 2790 546 2854 laudata
567 2789 708 2862 fuerant,
739 2790 872 2867 primum
892 2789 1047 2868 collegere
1072 2771 1226 2876 liebertus
1246 2797 1278 2851 ct
1296 2791 1448 2852 chricus

257 2877 427 2990 Stcpbani,
447 2917 537 2988 pater
557 2917 589 2970 ct
609 2909 705 2982 filius,
729 2926 859 2987 quorum
880 2927 976 2994 opera
995 2910 1119 2972 libellus
1138 2912 1300 2992 evulgatus
1320 2917 1368 2977 est
1386 2912 1446 2972 hoc

257 3033 367 3092 titulo:
390 3033 575 3108 Frapmento
592 3038 752 3109 poetarum
769 3038 899 3090 ueterum
920 3031 1118 3103 latinorum,
1140 3049 1268 3110 quonaone
1281 3049 1373 3112 opero
1386 3050 1447 3093 non

258 3159 382 3224 πωπω
406 3151 541 3224 „unnn
567 3151 676 3238 aceli,
693 3152 818 3226 nucina,
844 3126 1156 3232 uaoerrrpraeuvnj
1172 3153 1307 3226 nfnnn,
1327 3153 1444 3232 naen,

260 3273 385 3354 Caecilii
409 3275 601 3352 aliorumque
624 3276 811 3346 multorum
841 3275 983 3354 Undique
1006 3292 1023 3336 a
1049 3275 1128 3336 Rcb.
1150 3273 1305 3354 Stephano
1328 3289 1447 3335 summa

257 3395 417 3475 diligentia
444 3395 516 3458 olim
543 3402 705 3477 congesta,
734 3415 818 3476 nunc
849 3405 953 3460 autem
976 3399 1016 3460 ab
1036 3399 1169 3476 Henrico
1190 3394 1357 3476 Stephano,
1380 3396 1446 3458 eius

257 3516 330 3592 filio,
353 3519 472 3600 digesta
494 3525 526 3581 et
552 3521 741 3598 priscarum,
770 3536 850 3599 quae
875 3521 908 3580 in
927 3519 988 3580 illis
1008 3527 1080 3584 sunt
1103 3535 1232 3602 vocum,
1255 3518 1447 3600 expositione

256 3638 428 3700 illustrata:
455 3641 568 3731 additis
581 3641 804 3706 etiamalicubi
823 3641 964 3704 versibus
980 3642 1121 3724 Graecis,
1143 3658 1220 3720 quos
1239 3641 1448 3720 interpretan-

258 3766 364 3818 tur-
392 3760 479 3820 Anno
505 3745 666 3821 MDLXlll.
708 3760 889 3823 Excudebat
920 3763 1071 3826 ilenricus
1095 3761 1288 3842 Stephanus,
1320 3762 1451 3834 illustris·

258 3878 317 3938 viri
337 3879 476 3941 lluldrici
497 3883 629 3962 Fuggeri
649 3884 893 3962 typographus.”
928 3883 1022 3945 Cuius
1035 3884 1161 3964 quidem
1179 3885 1260 3958 libri¹
1272 3885 1447 3964 exemplum

236 4000 334 4077 'mihi
355 4000 395 4062 ab
419 4002 546 4077 Orellio,
571 4004 637 4065 viro
658 4005 853 4079 amicissimo,
876 3973 1088 4068 transmissum
1113 4015 1176 4082 est,
1204 4014 1395 4074 asservatum
1414 4005 1446 4064 in

258 4121 451 4189 bibliotheca¹
472 4127 614 4188 carolina
634 4129 806 4190 Turicensi.
848 4129 908 4190 Sed
938 4129 1007 4190 iure
1033 4132 1141 4192 Lucilii
1162 4133 1329 4214 sospitator
1350 4129 1448 4192 habc-

257 4250 309 4306 tur
334 4248 515 4310 Franciscus
546 4248 610 4310 lani
643 4253 674 4312 F.
706 4253 823 4325 Dousa,
858 4252 911 4330 qui
938 4254 1112 4334 egregiam,
1150 4269 1242 4335 quam
1274 4254 1307 4314 in
1339 4245 1449 4315 Lucilii
