3242 5138
612 457 660 512 DE
681 457 711 514 (l.
727 456 865 516 LUCILII
884 460 985 518 VITA.
1019 545 1022 550 1
1368 477 1404 519 ιιι

207 603 343 674 Horatio,
358 588 451 664 etiam
469 603 539 662 vivo
554 603 708 681 Scipione,
723 605 808 682 poesi
823 605 925 666 clarus
939 606 1034 669 luisse
1047 605 1180 680 dicatm,
1202 607 1398 671 haecomnia

205 731 249 788 ita
271 739 340 786 esse
361 731 556 802 comparata,
586 701 621 786 ut
646 743 663 786 a
692 727 782 804 pueri
806 711 944 789 moribus
964 728 1025 790 sint
1044 728 1241 791 alienissima.
1279 730 1398 808 Quodsi

206 848 289 908 enim
310 846 489 925 Hieronymi
511 847 688 908 testimonio
711 847 789 910 fides
808 847 954 910 habenda
977 849 1032 922 sit,
1055 851 1215 926 Lucilium,
1237 869 1298 930 qno
1318 859 1397 915 tem·
1446 827 1448 834 Α

206 985 282 1048 pore
313 969 414 1047 Scipio
439 969 502 1030 vita
532 968 718 1042 excesserit,
748 970 800 1029 vix
826 970 907 1030 lllX.
930 971 1041 1032 aetatis
1064 989 1180 1034 annum
1209 975 1393 1053 explevisse.

206 1091 275 1166 Qua
306 1109 345 1151 ex
371 1107 406 1152 re
433 1091 535 1170 colligi
561 1108 672 1170 posse,
701 1091 809 1152 Lucilii
840 1092 922 1154 vitae
951 1093 1073 1186 initium
1100 1095 1237 1173 quinque
1262 1099 1313 1158 vel
1339 1114 1394 1161 sex

206 1215 293 1276 annis
305 1218 379 1276 ante
390 1231 482 1292 quam
495 1214 699 1293 Hieronymus
710 1213 885 1288 tradiderit,
902 1232 968 1276 esso
981 1215 1172 1294 ponendum.
1188 1217 1250 1280 Sed
1260 1219 1395 1290 cundem

205 1343 338 1397 aetatem
351 1337 435 1396 ultra
449 1353 564 1397 annum
578 1338 670 1396 XLVI
688 1337 881 1415 produxisse,
896 1337 1001 1398 multis
1014 1337 1081 1398 aliis
1094 1337 1189 1400 rebus
1208 1339 1276 1402 lieri
1296 1343 1396 1402 mani-

203 1457 326 1520 festum.
355 1459 412 1518 Vix
426 1460 508 1520 enim
522 1458 612 1520 aliter
625 1457 694 1519 fieri
706 1460 853 1537 potuisse,
870 1468 905 1519 ut
917 1476 1014 1522 senex
1028 1459 1073 1520 al)¹
1083 1461 1208 1522 Horatio
1222 1461 1394 1542 adpellatus

91 1619 92 1623 =
203 1580 260 1651 sit;
280 1587 314 1639 ut
328 1581 394 1659 ipse
409 1580 544 1641 Liciniae
558 1571 590 1642 et
603 1581 788 1658 Calpurniae
801 1580 1084 1662 legismentionem
1095 1581 1219 1656 fecerit,
1234 1600 1312 1661 quas
1325 1585 1394 1663 qui-

204 1702 275 1764 dem
295 1705 380 1781 leges
402 1709 510 1784 aperte
532 1705 624 1782 longe
644 1696 713 1781 post
728 1719 846 1764 annum
859 1708 984 1780 rogatas
1006 1719 1084 1776 esse,
1107 1721 1169 1782 quo
1188 1704 1394 1782 Hieronymus

202 1824 352 1884 Lucilium
365 1824 494 1902 Neapoli
508 1795 663 1884 mortuum
677 1841 745 1885 esse
758 1824 987 1888 memoraverit.
1013 1825 1051 1884 Et
1069 1822 1163 1884 huius
1176 1825 1301 1902 quldem
1320 1825 1394 1888 libri

203 1945 235 2008 in
258 1945 436 2008 universum
457 1962 524 2007 eam
547 1961 614 2006 esse
634 1945 802 2018 rationem,
826 1950 860 2005 ut
881 1945 1031 2023 pleraque
1045 1944 1214 2012 oscitanter
1233 1954 1265 2007 et
1284 1963 1394 2026 parum

204 2072 354 2127 accurate
377 2067 551 2144 perscripta
571 2067 648 2128 sint,
676 2066 781 2142 Quare
803 2064 895 2128 Iidem
920 2066 987 2141 eins
1009 2082 1077 2129 esse
1100 2066 1167 2128 lere
1188 2067 1315 2141 nullam,
1340 2077 1396 2131 ant

204 2190 249 2250 ita
261 2189 422 2260 incertam,
446 2193 489 2260 ut,
505 2187 565 2248 nisi
579 2182 710 2248 edorum
728 2187 903 2248 testimonla
919 2185 1086 2259 accedant,
1101 2187 1199 2265 ipsius
1211 2187 1327 2250 iudicio
1339 2205 1396 2267 pa-

186 2317 271 2370 rum
284 2308 485 2372 tribuendum
498 2309 548 2370 sit.
571 2309 746 2371 Cumulavit
758 2310 854 2370 multa
868 2309 935 2370 eius
951 2308 1235 2370 inconsiderantiae
1250 2312 1393 2390 exempla

188 2433 234 2492 'in
261 2431 396 2510 Epistola
422 2431 462 2492 ad
486 2430 894 2506 car.urid.t1crmannnm
924 2429 963 2492 de
991 2431 1024 2491 C.
1045 2431 1163 2492 Lucilio
1189 2429 1324 2493 Traiecti
1352 2432 1392 2494 ad

202 2553 352 2614 lllrenum,
368 2569 397 2614 a.
413 2553 649 2614 MDCGGXLIV.
672 2555 817 2633 evulgata
828 2573 837 2625 ;
858 2553 913 2614 ubi
933 2560 965 2614 et
984 2554 1178 2616 eversionem
1196 2555 1390 2628 Numantiae,
1493 2573 1497 2580 ·

204 2681 236 2738 ct
254 2675 376 2748 Plauti,
398 2674 532 2747 Horatii,
559 2673 671 2736 catulli
691 2680 784 2752 atque
804 2675 939 2735 Lucretii
960 2681 1076 2736 mortes
1096 2682 1128 2736 et
1146 2678 1187 2736 ll.
1208 2675 1305 2749 Livii,
1327 2682 1393 2737 tra·

203 2793 386 2874 goediarnm
412 2793 582 2872 scriptoris,
611 2793 785 2855 claritatem
807 2801 840 2854 et
859 2795 1007 2856 Messalae
1036 2793 1161 2872 Corvini
1186 2795 1305 2856 natales
1329 2813 1392 2858 non

206 2917 269 2978 suis
290 2916 380 2980 annis
400 2914 572 2994 adscriptos
593 2931 660 2978 esse
680 2915 817 2977 docuit
840 2915 929 2992 Quae
956 2914 1058 2976 omnia
1085 2915 1113 2976 si
1134 2915 1209 2976 satis
1235 2922 1321 2980 recte
1344 2915 1392 2978 di-

203 3043 326 3116 sputata
347 3044 435 3112 sunt,
466 3037 549 3116 quod
568 3038 683 3098 iamin
702 3037 805 3100 medio
829 3037 987 3115 relinquo,
1019 3036 1059 3098 ad
1085 3021 1265 3116 Hieronymi
1284 3047 1393 3100 auoto-

202 3160 327 3222 ritatem
346 3158 589 3222 imminuendam
609 3159 775 3238 plurimum
795 3159 902 3226 valere
922 3175 985 3220 non
1006 3155 1152 3222 diffiteor,
1194 3157 1311 3223 Eodem
1336 3175 1391 3221 re-

204 3281 311 3354 deunt,
334 3293 414 3359 qnae
435 3281 560 3360 Baylius
572 3279 683 3342 iisdem
695 3279 764 3342 iore
778 3279 951 3346 rationibus
963 3277 1130 3352 adductus,
1148 3279 1181 3340 in
1201 3279 1395 3342 Dictionario·

202 3405 286 3483 quod
314 3403 445 3476 dicitur,
481 3409 590 3464 contra
620 3403 841 3482 Hieronymum
873 3400 1061 3480 disputavit,
1095 3401 1154 3462 nisi
1186 3400 1269 3478 quod
1298 3398 1391 3464 homo

203 3525 313 3588 doctus
325 3532 418 3605 etque
429 3524 569 3586 eruditus
582 3524 703 3586 cautius
717 3529 811 3601 atque
825 3522 1081 3600 circumspectius
1093 3522 1127 3582 in
1141 3518 1392 3599 hacquaestione

201 3647 383 3710 illustranda
404 3653 544 3708 versatus
558 3640 626 3706 esse
641 3643 776 3706 videtur.
808 3644 947 3705 Accessit
965 3660 1067 3722 nuper
1086 3639 1256 3716 Hitscltelii,
1278 3642 1317 3704 V.
1332 3641 1390 3715 ct,

204 3740 368 3842 iudicium,
397 3768 450 3847 qul
471 3768 504 3829 in
524 3769 630 3828 lluseo
649 3765 816 3838 Rhenano,
847 3765 930 3844 quod
956 3765 1053 3844 ipsius
1073 3772 1105 3826 et
1123 3766 1156 3826 F.
1173 3766 1209 3826 G.
1232 3763 1392 3827 Welcleri

203 3887 348 3965 auspiciis
373 3891 498 3950 Hennae
526 3905 554 3950 a.
577 3888 653 3950 lille
679 3889 859 3968 evulgatum
885 3891 949 3958 est,
979 3904 1011 3965 p.
1034 3886 1092 3948 ets
1118 3903 1184 3964 sqq.
1212 3885 1392 3963 Hieronymi

201 4007 294 4070 iidem
323 4008 356 4066 in
385 4009 571 4088 scriptorum
600 4009 755 4071 aetatibus
783 4006 1008 4070 constituendis
1037 4005 1150 4086 partim
1181 4021 1222 4068 ex
1253 4005 1393 4066 Suetonii

205 4131 381 4194 testimonio
394 4131 543 4209 pendere,
558 4133 686 4211 partim,
698 4131 753 4192 ubi
766 4131 819 4192 illo
832 4129 912 4192 duce
926 4128 1093 4192 destitutus
1105 4127 1211 4202 luerit,
1226 4125 1393 4190 admodum

203 4269 344 4314 mancam
364 4260 458 4331 atque
475 4253 630 4316 infirmam
651 4270 718 4316 esse
732 4253 848 4316 docuit.
882 4251 976 4314 cuius
989 4220 1115 4330 quidem
1128 4249 1265 4324 decreta,
1280 4263 1391 4326 quam-

204 4375 250 4436 vis
276 4375 440 4438 veritatem
467 4375 635 4438 obsecrare
663 4393 725 4438 non
747 4376 884 4438 debeant
897 4393 908 4446 ;·
932 4390 995 4436 non
1015 4373 1118 4444 enim,
1145 4387 1226 4450 quae
1247 4368 1300 4430 ille
1319 4367 1394 4428 satis
