3290 5130
529 501 580 556 DE
600 499 797 558 contione
814 499 962 558 LUCILII.
1257 522 1345 562 oxrrr

153 648 246 710 tinius
266 646 391 728 generis
417 645 509 708 etiam
531 644 615 725 apud
643 647 744 724 ipsum
766 641 926 708 Horatium
953 663 1019 708 esse
1041 649 1216 728 exemptum
1237 651 1343 714 sedin

153 777 254 832 metro
274 767 407 849 saphico
426 768 500 830 satis
519 775 659 830 constet:

617 891 662 950 U,
719 907 723 916 .

426 1015 532 1074 corios
556 1014 666 1074 antitis.
691 1013 763 1073 Hor.
782 1013 842 1075 Od.
860 1015 882 1075 i.
898 1015 927 1076 λ.
945 1015 990 1077 te.

155 1135 217 1197 Sed
237 1134 325 1198 verbi
346 1136 428 1196 intra
448 1150 572 1196 versum
596 1134 718 1196 rescissi
739 1137 915 1214 exemptum
935 1145 982 1199 est
1002 1138 1040 1199 ir.
1062 1139 1124 1201 ino.
1154 1143 1272 1221 tionqne
1292 1153 1344 1203 tot-

157 1257 309 1320 hernolem
320 1279 330 1330 ,·
352 1264 385 1318 et
403 1257 497 1317 XXX.
518 1255 566 1318 69.
589 1258 640 1317 oni
658 1259 700 1318 sit
718 1257 791 1320 dcto
811 1259 904 1338 deptee
924 1261 1037 1321 diceto.

233 1381 269 1440 in
288 1381 356 1458 ipeo
376 1386 480 1440 autem
500 1379 666 1440 verborum
691 1397 750 1440 usu
776 1388 809 1441 et
833 1381 865 1440 in
896 1389 964 1442 arte
991 1385 1236 1462 compositionis,
1256 1404 1346 1464 -quae

157 1503 282 1577 dicitur,
303 1501 383 1564 haec
409 1501 477 1564 iere
499 1508 571 1563 sunt
590 1501 795 1565 observanda.
836 1503 974 1564 Primum
996 1504 1083 1565 iilum
1110 1505 1206 1566 molta
1227 1507 1347 1580 Graeca

158 1625 290 1686 orationi
315 1624 518 1686 immiscuisse
544 1625 605 1684 iam
628 1641 727 1703 sopra
750 1623 893 1686 vidimus.
934 1626 1041 1702 Neque
1068 1627 1142 1687 satis
1169 1625 1280 1691 hahuit
1307 1645 1346 1692 ea

158 1765 327 1828 resurpare,
353 1762 432 1826 quae
461 1752 516 1807 aut
538 1746 578 1807 ad
601 1743 824 1827 geographiam
852 1745 1087 1823 pertinuerunt,
1109 1755 1163 1808 aut
1182 1764 1200 1809 a
1220 1750 1348 1812 Graecis

157 1871 285 1932 inventa
305 1875 341 1931 et
357 1873 518 1948 usur-path,
538 1885 610 1928 cum
624 1865 811 1927 commercio
833 1872 865 1926 et
884 1866 967 1928 vitae
981 1868 1206 1931 consuetudine
1229 1871 1269 1932 ad
1288 1874 1348 1934 Ro-

157 2007 265 2052 manos
287 1990 519 2070 pervenissent,
543 1988 667 2048 nomine
687 2003 750 2048 non
770 1994 940 2052 mutarunt.
962 2006 1001 2049 ex
1021 2007 1068 2069 gr.
1096 1992 1233 2066 cinaedi,
1252 2010 1349 2070 poro-
1387 2037 1394 2058 ,

158 2114 229 2184 siti,
255 2105 370 2182 idiote,
396 2110 609 2188 amphitapae,
644 2109 760 2186 poitue,
792 2111 955 2180 zonarion,
986 2113 1080 2171 atomi
1088 2157 1097 2184 ,
1129 2115 1347 2192 octuplosnrns,

156 2235 496 2312 acheme,‹epitep‘ntu,
525 2231 685 2305 emhlentu,
719 2233 920 2310 catapirates,
950 2232 1136 2304 mechanici,
1162 2236 1346 2315 ondropptti,

155 2375 242 2438 cyneo
260 2330 296 2400 ¹-
325 2355 542 2417 cinnabori-
567 2356 804 2433 monopronenei,
837 2354 1011 2433 oenofornsj
1042 2356 1209 2436 choroque,
1239 2360 1349 2438 cephe·

157 2481 243 2555 loeo,
273 2481 480 2550 aetemotinm,
513 2477 687 2557 syrofenin,
708 2477 907 2555 Aethiopias,
941 2479 1141 2550 Isocratium,
1166 2479 1228 2552 hir,
1249 2481 1348 2560 cipho,

157 2601 273 2673 scheda,
288 2601 471 2673 Secrotinm,
486 2600 616 2671 multitu,
630 2598 887 2669 moechocinnedi‚
902 2597 999 2676 fisioi,
1013 2601 1168 2677 ntostipio,
1184 2602 1349 2676 schedium,

160 2729 279 2800 tapeto,
301 2736 431 2799 quarum
455 2737 561 2780 rerum
589 2726 625 2778 ut
650 2719 792 2778 notiones
818 2719 860 2778 ita
889 2719 1013 2778 nomina
1038 2736 1055 2778 a
1079 2719 1208 2781 Graecis
1236 2723 1351 2784 tradita

160 2850 233 2906 sunt
246 2841 391 2902 Romanis
400 2861 409 2913 ;
430 2839 484 2901 sed
506 2857 577 2899 cunr
591 2839 715 2918 saepius
727 2839 907 2917 usurpando
926 2837 1006 2900 haec
1027 2840 1180 2902 vocabula
1198 2843 1261 2902 iam
1277 2846 1352 2907 satis

157 2967 232 3027 trita
253 2971 285 3026 et
304 2964 429 3042 vulgata
446 2961 587 3035 iecisset,
609 2962 734 3022 Latinas
758 2962 992 3024 terminationes
1021 2963 1165 3025 adhibuit
1185 2971 1217 3026 et
1236 2966 1352 3029 Latinis
1382 2959 1392 2965 “

160 3088 271 3176 litteris
293 3087 433 3165 scripsit,
455 3093 566 3147 neutra
587 3084 670 3146 enim
690 3084 801 3146 tertiae
821 3083 1037 3146 declinationis
1063 3086 1096 3146 in
1124 3105 1143 3146 c
1171 3094 1203 3149 et
1227 3089 1240 3148 i
1266 3089 1350 3150 desi·

160 3211 266 3272 nentia
290 3210 354 3270 iam
376 3215 468 3269 antea
493 3214 622 3286 recepta
647 3207 785 3268 iueront.
827 3209 862 3267 in
890 3207 974 3282 aliis,
1002 3225 1083 3286 quae
1110 3208 1212 3272 minus
1239 3211 1351 3272 usitata

160 3338 265 3405 erant,
286 3331 414 3392 Latinae
437 3330 610 3410 scripturae
630 3328 781 3390 Graecam
796 3329 1045 3390 terminationem
1058 3327 1199 3390 attinxit:
1221 3331 1348 3408 epifoni,

162 3455 358 3534 ocyodontes,
391 3453 581 3532 captatorem,
612 3451 720 3522 loccis,
753 3450 994 3520 rhetoricotero',
1024 3451 1216 3526 empleuron,
1238 3451 1350 3523 eidelo,

158 3577 315 3654 poeticen,
336 3576 475 3646 Atticen,
494 3581 689 3657 perectaton,
713 3573 878 3650 zopyrion,
901 3571 1092 3642 Thestiados,
1113 3571 1232 3643 eherii,
1252 3572 1350 3633 soloe·

161 3699 293 3769 cienton,
314 3697 547 3776 cercopithecos,
573 3692 1035 3774 hippocampeiefontocornetos,
1063 3695 1353 3772 ccoospndeton,.et

161 3820 293 3880 tortasse
312 3819 537 3897 Enpotercioen.
573 3817 634 3879 Sed
655 3817 716 3876 alia
731 3816 850 3877 Graeca
864 3817 1016 3878 vocabula
1030 3816 1189 3877 immutata
1204 3819 1349 3879 retinuit:

160 3936 340 4025 ἀχάροης,
359 3933 514 4022 Ἱξιοολχς
546 3937 708 4024 ἀλόχοιο,
739 3933 956 4022 χειροὸύοαι,
988 3936 1165 4017 topanta,
1197 3937 1352 4023 ἄτεχνον,

163 4060 289 4143 σοφός,
320 4057 534 4146 ὀχληρῶδες,
565 4057 880 4148 ουμμειρακιῶδες,
910 4060 1202 4142 centonomium,
1230 4059 1353 4126 πάναι-

161 4189 238 4264 tog,
256 4181 481 4270 τοκόγλυφος,
495 4182 639 4266 ἀπεψία,
653 4182 953 4286 καλλιολόκαμος,
966 4181 1223 4266 καλλίσφυρος,
1238 4183 1353 4266 Τορώ,

161 4305 310 4386 ἄκοιτιν,
330 4306 481 4395 ἄρχοις,
502 4305 704 4391 στοιχείοις,
726 4305 874 4386 σκοπὸς,
899 4301 1012 4388 τήρει,
1031 4303 1188 4387 εὔφωνα,
1212 4306 1293 4388 χῖος
1318 4325 1354 4370 τε

201 4431 275 4472 Lucilii
291 4433 361 4484 hogen.
862 4435 867 4442 '
1109 4430 1123 4486 i
