3290 5130
554 445 606 503 DE
627 439 825 506 ORATIONE
844 442 994 506 Lllcllll.
1290 465 1362 508 cxxv

171 607 252 672 quae
282 592 316 653 in
348 610 399 653 um
420 590 533 654 desinit
552 591 633 654 adeo
650 592 802 673 producta
825 591 891 655 lib.
909 593 1004 654 XXX.
1025 593 1055 656 6.
1076 595 1107 655 2.
1135 595 1196 658 nisi
1217 595 1363 659 codicum
1446 625 1449 628 ·

171 716 264 778 lectio
284 715 470 790 restituitur,
495 715 548 794 qui
566 715 763 778 reddebamus
784 716 944 778 exhibent.
985 717 1102 780 Versus
1122 719 1146 780 1.
1169 717 1218 780 ll).
1242 717 1363 780 laudari

171 853 233 901 nun
248 845 362 917 potest,
377 838 449 916 quia
463 853 565 928 neque
579 838 733 900 honestem
747 855 850 918 neque
866 837 1056 902 inhonestum
1068 857 1129 919 pre
1141 855 1216 902 vera
1229 841 1364 911 lectione

170 958 282 1023 haberi
300 967 417 1040 potest,
445 960 500 1024 sed
521 959 679 1022 obscenam
698 963 749 1023 vel
776 963 838 1024 tale
859 959 934 1040 quid
962 961 1190 1025 emendandum
1216 969 1273 1026 est.
1301 964 1360 1026 cir.

171 1084 223 1144 ill.
245 1082 311 1148 20„
335 1081 396 1144 Sed
420 1083 512 1144 sicuti
531 1100 562 1143 m
585 1083 619 1143 in
636 1082 699 1145 line
719 1081 909 1163 syllabarum
929 1099 991 1145 non
1011 1101 1134 1164 semper
1156 1083 1294 1159 eliditur,
1320 1086 1364 1146 ita
1432 1089 1435 1094 “

52 1211 54 1214 ’
171 1223 212 1267 ne
235 1205 350 1268 vocalis
369 1203 496 1284 quidem
524 1206 557 1266 in
577 1203 644 1268 line·
661 1205 902 1280 vocabulorum,
933 1208 1128 1269 cunr·vocali
1150 1213 1303 1286 sequente
1331 1207 1363 1268 in

175 1342 269 1389 unam
291 1327 442 1408 syllabam
466 1329 631 1403 maleseit,
659 1328 712 1407 qui
737 1329 889 1391 vocalium
909 1345 1081 1391 concursus
1102 1329 1168 1391 sive
1194 1326 1299 1392 hiatus
1323 1347 1364 1392 ne

173 1455 238 1512 tum
252 1449 377 1530 quidem
398 1452 523 1525 vitatur,
546 1467 617 1512 cum
637 1450 747 1514 eadem
766 1451 870 1514 littera
892 1451 1033 1531 sequitur
1054 1469 1093 1514 en
1112 1453 1216 1531 guil.
1232 1453 1279 1515 ll.
1300 1453 1364 1514 Vir

171 1573 712 1653 virc,1ltcminieemcuuprcmmo.
732 1576 814 1638 Vlll.
839 1576 868 1650 2,
890 1576 922 1636 2.
950 1574 1098 1654 „fiapecc
1122 1591 1282 1656 campens,
1309 1574 1365 1636 tec

171 1704 214 1758 est
232 1672 300 1756 cum
321 1697 701 1781 pulunomocipeucl'
1150 1745 1153 1750 .

170 1817 305 1879 XXVlll.
325 1817 371 1878 lli.
394 1819 475 1879 Hinc
489 1820 529 1880 dd
546 1837 610 1891 me,
632 1819 703 1879 linc
724 1818 792 1879 lieet
812 1819 891 1881 dnus
910 1833 1036 1878 currum
1053 1817 1097 1878 cd
1115 1818 1312 1892 armillum,··

167 1940 289 2001 xxvu.
314 1939 344 2000 6.
389 1939 436 2004 Tu
453 1939 608 2001 Lucilium
630 1941 728 2002 credis
748 1939 959 2003 commutaturus
978 1957 1047 2002 eum
1066 1957 1115 2002 me
1134 1939 1272 2020 rctpcrlm

384 2060 512 2123 Sdmma
531 2064 652 2136 cucula,
672 2063 808 2143 fecerim.

170 2185 277 2246 XXVl.
299 2184 337 2247 69
342 2227 655 2246 .......
697 2185 745 2246 dic
765 2187 922 2248 cruciatur
941 2183 1024 2265 fame

383 2309 524 2389 Frtpcre,
546 2310 681 2380 inluvie,
702 2307 881 2382 inhalastis,
903 2305 1121 2387 tmpcrfumde‘d,
1140 2308 1274 2370 incurid.

170 2431 208 2492 x.
231 2431 260 2492 7.
383 2432 464 2494 Nae!
486 2433 519 2494 iu
537 2431 614 2494 aree
633 2431 745 2496 bovem
766 2431 918 2511 discerpsi
937 2431 1120 2512 magnifice,
1139 2431 1253 2510 inquit.

247 2552 307 2616 Sed
328 2552 412 2614 aliud
432 2551 535 2616 hiatus
555 2571 670 2632 genus,
700 2553 783 2632 quod
805 2554 898 2614 etiam
919 2553 1002 2631 apud
1023 2553 1186 2632 Virgilium
1213 2554 1360 2627 occurrit,

161 2675 287 2736 lucilio
309 2675 387 2737 adeo
408 2677 555 2737 usitatum
580 2683 645 2749 est,
674 2673 910 2753 uniusquidem
931 2691 968 2736 sa
994 2680 1042 2736 est
1067 2673 1164 2750 ratio,
1192 2681 1226 2738 ut
1247 2675 1363 2738 vocalis

170 2801 252 2876 quae
274 2795 433 2876 precedit,
456 2797 598 2874 sequenti
617 2797 719 2859 vocali
736 2795 945 2875 corripiatur:
968 2833 972 2842 ·

286 2917 439 2981 OPublil
461 2936 480 2980 c
501 2921 633 3000 gurges!
657 2917 797 2981 Galloni!
819 2917 1089 2994 echonomum,
1112 2917 1230 3002 iuquit,
1297 2972 1305 2982 .

76 3075 79 3084 Δ
169 3042 271 3104 minus
291 3049 395 3105 certus
416 3049 469 3104 est
484 3045 517 3103 lc
538 3043 645 3104 XXVI.
666 3042 714 3103 tl.
737 3045 770 3103 L.
791 3040 886 3106 xxx.
906 3042 966 3115 1283
988 3040 1063 3122 quid
1083 3043 1264 3121 emtasqud
1278 3055 1358 3116 eam,

169 3164 244 3244 quid
271 3165 384 3246 agani?
412 3164 487 3244 quid
512 3163 545 3226 id
572 3165 751 3227 attinetud
775 3165 1001 3228 66611666.
1030 3165 1121 3242 „lroc
1141 3165 1303 3228 ciaciemus
1329 3172 1361 3228 at

169 3288 361 3362 untneodcrn
380 3295 416 3350 ut
437 3288 568 3350 dicimus
587 3288 704 3369 pactu'’
724 3288 777 3350 ΙΧ.
793 3288 823 3350 6.
835 3287 867 3349 d.
889 3289 1006 3363 „llaec
1029 3289 1074 3350 illi
1101 3287 1225 3360 iecere;
1245 3282 1361 3352 added

168 3416 202 3473 ut
221 3412 368 3492 pinguius
387 3407 468 3473 fiat’'
488 3412 542 3476 ubi
563 3419 617 3473 aut
636 3412 714 3472 adde
734 3429 748 3472 e
769 3411 913 3492 dactylus
932 3416 994 3485 est,
1016 3409 1100 3488 qued
1122 3410 1281 3483 usitatius,
1306 3414 1361 3470 aut

171 3535 326 3614 spondeus
344 3536 434 3598 adde.
457 3537 523 3598 XV.
538 3537 567 3597 l.
583 3537 613 3597 2.
635 3535 748 3608 calces,
770 3533 905 3596 delentes
922 3538 951 3596 tt
970 3529 1034 3594 hilo
1052 3549 1114 3594 uon
1128 3531 1245 3593 rectius
1261 3530 1359 3592 vivas.

167 3655 269 3717 miuus
289 3666 393 3720 certus
413 3666 460 3720 est
482 3659 549 3721 lib.
564 3658 673 3720 xxvi.
688 3655 737 3720 tt.

205 3777 285 3842 Dein
299 3793 378 3858 quae
393 3781 470 3844 adeo
484 3783 564 3844 male
578 3799 628 3844 me
642 3779 802 3860 accipiunt
814 3779 955 3846 decimae
969 3785 1002 3842 et
1015 3777 1308 3862 preveniuntrnale.

167 3900 397 3966 etesiarum.
532 3937 535 3942 ι
659 3908 663 3915 ·
820 3869 823 3876 ’

289 4073 292 4076 -
321 4027 397 4087 Cum
417 4025 556 4090 dederim
576 4030 659 4091 vitae
681 4045 772 4090 meae
789 4027 945 4108 epitagma
967 4027 1068 4107 Apelli

321 4150 424 4228 Longe
445 4166 541 4229 opera
560 4158 633 4214 ante
656 4150 716 4213 alia
735 4149 849 4214 omnia.

167 4271 214 4334 lte
233 4289 295 4352 quo
314 4288 432 4353 genere
455 4271 514 4334 cir.
530 4247 616 4354 virg.
638 4274 715 4338 Aen
737 4277 760 4336 l.
787 4273 834 4337 lli.
857 4274 909 4335 1v.
931 4271 999 4334 667.
