3242 5138
285 461 365 504 sxxn
633 441 684 500 nli
702 441 885 502 rnnsottrs
903 441 1124 502 becuminis.

287 590 369 654 bene
395 589 478 652 inter
510 607 544 651 se
577 587 774 651 convenient.
815 589 1008 652 Poetarum
1039 589 1078 650 ab
1109 589 1208 651 amieo
1237 587 1411 669 petivisset,
1443 597 1478 652 nt

289 711 418 774 consilio
451 729 484 774 se
510 711 692 787 adiuvaret,
731 729 802 774 curn
840 713 908 774 aliis
933 712 1053 785 multis,
1091 719 1158 773 tum
1191 709 1242 772 his
1272 711 1377 772 verbis
1407 729 1479 774 eum

286 851 471 914 permovere
504 833 625 908 studet,
656 841 709 908 ut,
743 834 819 914 quid
847 835 976 908 sentiet,
1009 834 1068 896 sibi
1093 834 1233 914 aperiat:
1261 851 1293 913 p.
1314 833 1363 894 ts.
1386 833 1408 896 1.
1427 834 1477 897 60.

288 957 531 1038 quondoquidem
558 959 679 1036 repperi
705 957 827 1036 crepuit
847 958 1060 1017 concisionum
1079 975 1115 1018 ce
1138 958 1244 1036 ecpir's.
1266 975 1298 1035 p.
1319 955 1367 1016 66.
1390 955 1413 1018 1.
1427 957 1477 1020 60.

288 1079 387 1140 Pcrrc
400 1081 509 1140 curicis
528 1087 572 1140 cst
592 1077 662 1139 benc
683 1079 868 1157 praecipere,
894 1080 990 1150 tueri,
1012 1078 1083 1140 berte
1098 1080 1285 1158 praedicere.
1328 1081 1479 1144 Exoratus

287 1199 414 1262 tandem
434 1202 570 1262 Soranus
589 1200 622 1262 in
642 1199 819 1262 universum
837 1200 939 1278 poesis
960 1217 1060 1280 genus
1084 1201 1256 1278 improbat,
1278 1200 1480 1280 pestis.

286 1323 327 1383 Et
344 1323 424 1402 quod
447 1322 502 1383 tibi
522 1339 702 1401 mopuopcre
725 1323 811 1382 cordi
830 1329 892 1393 cst,
912 1322 990 1385 mitt
1008 1325 1194 1384 vehementer
1217 1323 1366 1402 displicet.
1390 1323 1478 1386 110.

288 1447 416 1506 sommis
435 1447 531 1506 nitere
555 1451 686 1504 uotcroc
715 1443 844 1522 opibus,·
875 1450 908 1504 ut
936 1461 989 1523 epo
1019 1451 1126 1504 contra
1151 1452 1186 1505 ut
1213 1446 1374 1506 dissimilis
1393 1448 1478 1522 siem,

288 1564 372 1644 qnod
392 1569 425 1626 L.
448 1565 645 1628 tractandum
666 1564 725 1626 sibi
745 1566 931 1643 sumpserit,
960 1573 992 1626 et
1013 1567 1090 1628 alius
1113 1567 1196 1629 vitae
1221 1568 1357 1633 studium
1377 1570 1407 1630 ei
1429 1587 1482 1632 ce-

287 1687 474 1768 pessendum
504 1705 571 1750 esse
599 1695 706 1752 censet
718 1709 727 1760 ;
757 1706 819 1768 quo
845 1689 973 1750 oonsilio
999 1687 1039 1750 de
1066 1688 1160 1751 variis
1184 1686 1345 1752 hominum
1371 1691 1482 1754 studiis

287 1810 352 1890 egit
372 1817 403 1872 et
422 1809 501 1872 haec
521 1809 618 1872 verba
639 1809 785 1872 subiicit:
813 1829 845 1890 p.
860 1811 908 1872 60.
924 1811 947 1872 1.
963 1812 1013 1873 00.
1044 1814 1118 1874 Rem
1145 1830 1306 1892 copocscce
1335 1815 1428 1875 simul
1454 1823 1483 1876 et

206 1973 213 1987 .
288 1933 378 1994 dietis
392 1935 529 1994 animum
543 1933 682 1993 attendas
699 1933 845 2011 portulo”
866 1951 899 1994 se
922 1934 1004 1995 enim
1019 1936 1138 2008 omnia,
1160 1952 1239 2016 quae
1259 1938 1421 2011 suasisset,
1444 1955 1483 1998 eo

290 2053 418 2116 consilio
439 2053 567 2127 dixisse,
592 2061 646 2125 ut,
672 2054 747 2133 quid
772 2055 939 2116 cavendum
960 2056 1016 2116 cici
1042 2075 1191 2129 censeres,
1219 2059 1293 2138 quid
1322 2061 1482 2120 uitandum

287 2177 419 2238 maxime
438 2195 471 2257 p.
486 2177 536 2239 tta.
555 2176 576 2239 1.
593 2176 641 2239 te.
683 2176 744 2240 Sed
768 2177 807 2239 de
829 2176 1009 2238 diversitate
1034 2177 1219 2252 studiorum,
1249 2189 1283 2242 ut
1306 2185 1483 2245 accuratius

287 2298 530 2379 diligentiusque
545 2307 727 2379 exponeret,
750 2307 845 2361 totam
861 2299 1105 2378 disquisitionem
1126 2299 1165 2360 ab
1181 2319 1238 2363 ovo
1253 2302 1398 2378 instituit,
1420 2323 1482 2384 quo

289 2421 426 2502 pertinet
445 2421 486 2483 ir.
503 2423 550 2485 17.
570 2441 601 2502 p.
617 2421 666 2486 60.

288 2543 448 2623 Principio
468 2542 549 2624 fisici
568 2563 669 2606 omues
689 2552 826 2606 constare
845 2543 980 2604 homiues
1001 2562 1037 2606 ecc
1056 2545 1161 2606 auimo
1176 2552 1203 2606 et
1222 2557 1352 2624 corpore
1364 2545 1481 2609 dicunt.

367 2666 455 2729 Adde
476 2685 507 2747 p.
524 2667 573 2730 61.
589 2667 637 2730 bd.
666 2669 716 2730 lta
738 2675 771 2730 ut
794 2667 919 2747 quisque
945 2675 1083 2728 oestrum
1103 2686 1118 2728 c
1139 2667 1230 2749 bulpc
1251 2676 1294 2729 cst
1319 2669 1427 2728 matris
1447 2671 1483 2728 io

290 2787 386 2852 iucem
406 2789 516 2853 editus.

370 2913 445 2974 Cum
472 2918 576 2971 eutem
604 2909 725 2988 singula
753 2917 969 2988 percenseret,
998 2928 1077 2987 quae
1098 2913 1238 2973 homines
1258 2912 1394 2990 petenda
1415 2929 1484 2975 esse

292 3039 439 3106 censent,
467 3037 500 3091 et
521 3030 560 3091 de
581 3029 707 3100 militia,
738 3037 770 3092 et
799 3029 837 3090 de
864 3046 899 3089 re
930 3030 1038 3089 uxoria
1068 3037 1101 3090 et
1121 3029 1159 3090 de
1179 3031 1354 3090 litterarum
1375 3031 1485 3096 studiis

292 3159 416 3233 egerat,
440 3167 520 3232 quae
541 3149 666 3230 quidem
686 3166 748 3211 non
771 3157 894 3212 tentum
912 3149 945 3210 in
968 3151 1080 3212 saturis
1101 3150 1274 3214 scribendis
1295 3154 1350 3214 sed
1371 3159 1424 3214 eut
1450 3155 1485 3217 in

292 3275 442 3338 memoria
463 3291 567 3336 rerum
588 3272 752 3335 condenda
773 3279 827 3333 aut
847 3272 879 3334 in
902 3272 1000 3351 epicis
1020 3272 1210 3334 carminibus
1224 3274 1397 3338 scribendis
1410 3295 1487 3340 eon-

292 3413 416 3460 sumere
435 3397 540 3460 liceat.
572 3395 631 3458 cir.
651 3413 683 3475 p.
699 3395 748 3457 62.
764 3394 813 3456 66.
839 3399 991 3473 Percrcpo
1009 3411 1147 3474 pupoum
1166 3396 1284 3474 Popilli
1304 3397 1389 3477 facto
1411 3401 1487 3461 Cor-

292 3523 356 3586 cclt’
375 3522 467 3585 corte”
487 3539 545 3602 pro
565 3521 701 3600 Pompili
721 3519 823 3592 enim,
845 3517 928 3597 quod
948 3518 981 3579 in
1001 3516 1090 3578 libris
1111 3525 1167 3591 est,
1189 3519 1306 3597 Popilli
1325 3523 1486 3602 corrigen-

289 3644 363 3708 dum
377 3661 445 3708 esse
457 3643 596 3714 videtur3
612 3643 776 3721 Popillium
787 3646 953 3704 Laenatem
968 3639 1050 3702 enim
1066 3639 1301 3720 intelligendum
1311 3661 1378 3704 esse
1393 3651 1481 3722 puto,

293 3767 347 3846 qul
366 3764 670 3845 conquaestionem
692 3762 732 3823 de
752 3763 799 3822 ri.
817 3761 952 3822 Gracchi
973 3761 1127 3822 occisione
1142 3761 1311 3826 crudeliter
1324 3767 1486 3828 exercuis-

296 3895 360 3963 set,
383 3903 495 3970 graves
507 3885 685 3947 inimicitias
699 3883 757 3946 sibi
771 3881 934 3955 conflavit,
957 3883 1069 3962 quibus
1083 3883 1196 3944 cedere
1212 3894 1337 3948 coactus
1351 3895 1407 3949 est.
1430 3906 1488 3968 pro

293 4010 400 4090 Quint.
425 4009 473 4071 tlt.
495 4009 543 4072 06.
578 4009 635 4070 cir.
659 4007 698 4070 de
720 4009 795 4085 llep.
810 4008 842 4065 l.
859 4005 888 4066 6.
905 4004 933 4066 6.
964 4005 1004 4067 ed
1030 4004 1156 4069 militiae
1175 4009 1299 4070 laudem
1329 4012 1488 4090 pertinent

293 4151 325 4213 p.
340 4132 389 4194 60.
404 4131 426 4192 i.
441 4132 489 4193 ab.
513 4129 626 4191 Contra
645 4127 800 4208 tlopititcm
820 4127 935 4186 nescire
949 4128 1067 4188 utucccc
1088 4127 1166 4192 ballo
1186 4129 1349 4194 barborum
1369 4133 1375 4212 Ι
1391 4135 1488 4195 viria·

295 4264 358 4316 tum
378 4250 595 4314 Hannibalem.
628 4269 709 4331 quae
732 4249 771 4310 ud
799 4267 866 4310 rem
893 4249 1034 4310 uxoriam
1060 4253 1255 4330 pertineant,
1284 4256 1369 4317 nulla
1395 4273 1487 4336 prae-

295 4384 387 4458 cepta
405 4373 553 4448 iuveni03
582 4372 638 4437 sed
658 4376 802 4446 exstant,
831 4386 912 4450 quae
938 4369 977 4432 sd
1003 4371 1055 4434 illa
1077 4375 1275 4455 respondisse
1295 4380 1327 4440 l..
1347 4377 1484 4444 videtur.
