3286 5126
501 401 1025 494 uarrorunm'rnxrourrun.
1314 445 1361 488 -n

174 575 298 647 niatu
322 573 417 638 inisse
437 574 604 640 sinuatum
620 575 657 636 in
674 574 843 644 uerborum
862 593 942 648 nsn;
973 575 1058 656 apud
1082 576 1253 638 Varronem
1267 573 1363 644 *euim

172 699 357 768 multatam
376 698 502 778 nunqua
523 704 616 777 atque
636 704 791 762 vetustate
813 697 913 763 obsita
931 703 1118 773 ooeurrunt,
1146 706 1181 762 ut
1204 715 1274 762 enm
1294 713 1364 762 sae-

173 822 244 885 enlo
267 827 340 884 ante
359 820 623 908 vixissestatuas.
664 820 808 885 Plautina
828 826 861 882 et
880 820 1018 882 Enniana
1041 821 1194 884 voeabula
1220 821 1254 884 in
1279 820 1365 902 frag-

172 943 286 1008 mentis
304 943 462 1024 lagunmr,
484 959 582 1025 quae,
594 942 630 1005 ‚si
650 943 806 1006 Ciceronis
826 942 1012 1024 elegantiam
1031 951 1170 1024 spectas,
1189 943 1251 1006 iam
1270 943 1363 1024 plane

171 1065 292 1128 abusu
314 1072 431 1132 remota
453 1064 547 1136 fuisse
568 1066 738 1146 putaveris.
786 1107 804 1127 -,
963 1101 965 1104 -

182 1223 185 1228 -
251 1187 345 1250 Cuius
372 1187 513 1274 quidem,
526 1189 650 1268 generis
678 1204 777 1268 panea
805 1205 1004 1254 enumerasse
1029 1187 1104 1252 satis
1130 1188 1201 1249 erit.
1231 1187 1363 1262 tolutim,

174 1309 332 1392 polutum,
354 1327 463 1373 rursus
478 1317 512 1372 et
519 1328 649 1390 proruta
667 1310 689 1372 i.
705 1328 735 1374 e.
749 1318 905 1378 retrorsus
917 1317 949 1373 et
966 1327 1144 1390 proversus,
1165 1318 1294 1390 ponunt,
1315 1327 1367 1373 ou-

175 1435 324 1508 ruuoulu,
355 1433 448 1506 laete,
476 1431 615 1514 disfioul,
641 1434 813 1514 remioupo,
840 1433 1064 1506 uetuerimne,
1090 1431 1208 1495 librum
1230 1432 1362 1504 curiora,

174 1554 599 1635 aurelianensium,
617 1554 754 1636 stipatio,
776 1554 983 1630 diseubiuore,
1002 1571 1136 1634 meroe,
1156 1555 1362 1634 imponerere,

173 1679 426 1751 ommiuieutore,
456 1678 622 1749 renuiter,
651 1677 887 1756 oinopootltuuo,
915 1684 1058 1755 superato
1083 1675 1189 1756 frons,
1217 1682 1364 1755 quaesitu

175 1799 344 1877 triclinus,
365 1801 466 1865 eonius
480 1817 537 1881 pro
551 1799 681 1873 corium,
703 1799 823 1877 potiore
844 1797 941 1872 mam,
964 1798 1364 1876 transmutationem,

173 1924 357 1995 matlierure,
377 1922 532 2002 eruifeto,
557 1923 691 1994 ercurio,
715 1921 862 1994 euuuolro,
885 1920 1048 1995 bubuleito,
1073 1919 1247 1992 oroliteeto,
1267 1919 1363 1992 enirn,

172 2045 368 2118 medioximo,
385 2045 628 2116 oommoloeore,
649 2044 788 2116 olivitas,
812 2051 911 2104 motus
930 2031 1064 2115 orbitus,
1093 2042 1240 2114 tolutilis,
1260 2059 1365 2104 romu-

172 2169 255 2242 tilis,
277 2167 412 2246 flebilia,
433 2167 588 2239 metuitur,
614 2168 724 2229 aeota
744 2164 838 2242 soem.
859 2173 891 2228 et
916 2172 1020 2240 nonu,
1043 2165 1172 2245 pedatus
1196 2163 1365 2228 uerborum

174 2257 291 2362 tardor,
318 2290 421 2363 itiner,
448 2307 611 2353 muraenae
634 2290 799 2370 iunoniam,
826 2289 1046 2368 obatripa'lotor,
1074 2288 1279 2362 autumnitas,
1310 2287 1364 2348 da·

170 2419 317 2490 pontone,
349 2425 509 2484 coenares,
535 2412 720 2492 trnuupuio,
746 2413 880 2482 aemma,
903 2411 1154 2489 multioupedio,
1172 2410 1361 2483 iuveniliter,

118 2603 127 2610 ,
174 2533 291 2601 interf
313 2540 374 2596 eto.
416 2533 537 2611 Qualnus
562 2551 633 2596 cum
659 2533 751 2596 iaoile
780 2532 897 2613 duplex
921 2550 1070 2595 numerus
1099 2531 1270 2610 verborum.
1291 2531 1364 2602 addi

173 2656 287 2736 possit,
318 2655 409 2718 facile
438 2655 512 2718 inde
541 2655 736 2735 intelligitur,
768 2661 885 2733 quanta
913 2655 954 2716 sit
979 2647 1193 2717 varronianae
1216 2653 1364 2716 orationis

177 2777 329 2858 asperitas
349 2769 381 2842 et
395 2795 498 2854 quum
517 2793 627 2856 parum
648 2776 701 2839 ille
723 2773 763 2836 ab
784 2791 896 2838 eaesae
914 2754 1076 2838 vetustatis
1100 2773 1243 2854 robigine
1264 2791 1368 2837 reces-

173 2900 270 2973 serit3
297 2915 378 2980 quae
392 2899 531 2979 squidem
559 2900 659 2966 saries
685 2898 822 2962 omnium
851 2898 918 2964 iere
939 2898 1149 2978 antiquiorum
1178 2895 1364 2976 scriptorum

175 3023 348 3102 orationem
374 3022 551 3103 occupavit.
592 3023 654 3086 Sed
677 3023 841 3104 Terentius
861 3023 961 3086 Varro
987 3028 1023 3086 ut
1047 3027 1203 3090 vetustum
1229 3019 1365 3100 rigorem
1391 3085 1402 3118 ἡ

173 3147 323 3211 orationis
351 3145 497 3221 retinnit,
513 3146 572 3208 ita
602 3153 701 3208 artem
716 3146 807 3214 ,adeo
837 3147 959 3214 illorum
990 3144 1139 3226 neglexit.
1180 3145 1257 3204 Cum
1282 3141 1367 3204 anun

173 3267 306 3344 annius,
334 3276 370 3332 et
387 3269 518 3334 fortasse
538 3269 710 3344 Pacuvius,
738 3268 812 3332 satis
836 3266 1019 3334 habuissent
1038 3268 1126 3330 varia
1146 3272 1245 3328 metra
1270 3271 1364 3344 atque

174 3393 512 3472 poematamiseuisse,
533 3399 569 3454 nt
587 3392 726 3472 ipsorum
747 3390 919 3455 carminum
941 3389 1105 3452 diversitas
1123 3388 1364 3453 laurissaturae

173 3516 329 3594 copiosam
353 3515 576 3588 abundantiam
597 3513 749 3588 referret,
769 3514 869 3575 Varro
888 3511 1068 3590 Menippum
1087 3509 1240 3580 imitatus,
1263 3506 1363 3586 pede-

166 3643 269 3700 strem
282 3637 453 3701 orationem
472 3635 655 3709 immiserit,
676 3635 720 3697 ita
741 3640 776 3700 ut
795 3631 892 3696 huius.
904 3631 977 3708 libri
998 3631 1122 3722 tarrago
1142 3629 1364 3715 pinnarorum

171 3755 346 3824 litterarum
365 3777 463 3839 genus
483 3761 698 3825 eonstitueret.
739 3756 799 3822 Sed
821 3757 960 3822 Enniana
979 3759 1089 3820 Satura
1112 3755 1290 3836 etsimagis
1309 3772 1365 3818 en·
1408 3803 1413 3819 ,

178 3881 263 3944 onita
284 3887 377 3960 atque
390 3884 544 3963 expolita,
571 3891 674 3946 tannen
688 3882 755 3943 -hao
770 3881 807 3944 in
826 3894 861 3942 re
874 3879 1086 3952 varronianae
1101 3877 1255 3941 simillima
1273 3876 1369 3940 luisse
1388 3937 1391 3942 ,
1482 3961 1485 3968 ¹

172 4003 308 4077 ridetur,
329 4003 412 4084 quod
432 4005 621 4084 propinenti
640 4001 953 4082 didacticumquod
972 4001 1096 4076 dieitur,
1119 4016 1245 4066 carmen
1259 4016 1365 4062 neees-

172 4125 212 4188 sit
233 4134 270 4190 ,et
295 4141 408 4206 pravos
436 4123 594 4191 hominum
621 4144 723 4189 mores
745 4125 843 4204 magis
867 4123 900 4186 in
919 4123 1097 4188 universum
1124 4123 1258 4195 notavit,
1281 4119 1364 4199 quod

174 4219 270 4311 multa
295 4265 333 4311 er
356 4247 483 4310 Graecis
502 4247 614 4310 litteris
633 4243 755 4322 hausit,
783 4245 886 4327 quod,
915 4246 941 4308 si
966 4246 1072 4326 scipio
1093 4247 1365 4326 praesumserunt

172 4375 262 4446 erat,
292 4388 356 4435 non
382 4377 446 4438 tam
473 4369 510 4435 in
539 4368 707 4444 uniendis
731 4368 896 4437 hommum
920 4366 1020 4443 vitiis,
1046 4384 1140 4448 qnam
1159 4367 1192 4430 in
1211 4365 1363 4431 varietate
1399 4400 1401 4406 ·
