3274 5134
281 417 317 473 77
670 415 701 474 c.
721 384 859 474 nucinu
884 415 1090 486 7777777777

282 565 331 626 75.
363 561 474 647 Τήρει
495 563 663 625 Leoniden
683 562 851 626 Persarum
876 569 909 624 et
930 563 1174 646 Thermopulae

282 679 330 740 76.
358 678 430 753 Qua
453 677 560 740 lacere
580 677 613 739 id
634 679 757 760 possis,
779 683 920 742 nostram
941 697 1027 742 nunc
1049 677 1160 759 accipe
1184 686 1334 742 mentem.

282 793 330 853 77.
357 792 494 855 Pulchre
516 792 638 857 invitati
658 811 784 868 sumus,
812 793 1001 876 acceptique
1023 794 1172 876 benigno.

223 901 229 908 “
281 906 330 970 78.
360 941 395 952 ·-
409 940 444 952 -
466 912 498 968 et
516 912 658 970 ventrem
679 913 711 970 et
731 913 890 990 gutturem
914 909 1064 970 eundem.

282 1021 331 1082 79.
359 1023 514 1103 Asparagi
534 1022 667 1096 molles,
690 1023 748 1086 sed
768 1023 870 1084 viride
892 1041 994 1106 cyme.

281 1135 331 1197 80.
360 1137 494 1199 Nautam
519 1137 594 1218 algu
615 1143 711 1220 atque
732 1138 840 1219 rigore
861 1156 986 1200 manus.

281 1251 330 1312 81.
361 1251 466 1314 Verna
486 1271 523 1314 ac
544 1251 806 1334 cercopithecon.
820 1285 855 1298 -
869 1283 904 1296 -

281 1364 330 1426 87.
358 1397 442 1412 --
462 1365 989 1449 hippocampelephantocamelos.

283 1573 473 1584 w*-

282 1703 344 1753 Scal.
369 1703 420 1754 ci:
450 1701 538 1754 077777
561 1717 601 1754 ore
625 1704 696 1767 popli
719 1707 866 1766 placitionem
935 1707 976 1758 79.
996 1709 1056 1757 llon.
1075 1720 1101 1768 p.
1121 1707 1179 1759 7777.
1203 1709 1243 1756 ted
1267 1721 1312 1769 pro
1336 1711 1358 1760 77
1387 1711 1427 1760 Fr.
1449 1711 1482 1760 b.

282 1803 351 1842 mea
370 1792 443 1852 leqe:
463 1791 545 1840 Probi
562 1791 645 1842 obturo
657 1805 697 1841 ore
709 1793 796 1857 popli,
814 1796 865 1856 pir-
898 1796 927 1846 7.
940 1798 960 1845 l.
979 1794 1049 1844 molle
1066 1797 1105 1844 red
1122 1797 1161 1848 W.
1176 1797 1208 1846 ll.

282 1880 429 1942 domuique
446 1890 563 1943 reeteque.
584 1881 741 1940 pircioemem
760 1883 865 1932 eundem
934 1883 976 1935 80.
997 1886 1058 1932 Non.
1078 1897 1104 1944 p.
1118 1884 1160 1932 777.
1191 1897 1242 1932 oon
1263 1887 1313 1934 tom
1331 1884 1390 1947 olqrt
1409 1889 1484 1950 atquc

282 1967 437 2031 intelligunt,
463 1967 506 2031 qni
524 1967 667 2030 piscinarius
689 1970 794 2035 dicitnr,
823 1973 866 2036 qul
897 1971 997 2035 niprcrc
1020 1972 1101 2022 777777
1128 1969 1206 2020 chd.
1238 1984 1298 2020 nam
1325 1975 1375 2021 lom
1402 1973 1482 2025 curt.

282 2057 432 2118 eumptrrnnit
452 2057 552 2118 pbcinb
570 2057 714 2109 delectetur.
743 2059 789 2108 cir.
814 2062 863 2110 (777.
897 2063 1002 2110 motam
1025 2073 1076 2121 mg.
1104 2063 1123 2112 7.
1152 2061 1252 2123 niprorc
1281 2074 1370 2110 monci
1397 2062 1429 2110 cl.
1460 2065 1482 2110 b

284 2148 328 2207 lip.
347 2145 377 2194 ad
395 2146 446 2195 777.
467 2149 486 2194 7.
502 2146 545 2196 lli.
570 2148 616 2196 7777
634 2160 665 2196 ex
682 2149 748 2212 77777
765 2150 863 2200 verbis:
899 2149 992 2214 [ripere
1003 2159 1096 2196 marcet
1110 2148 1141 2196 ci.
1154 2151 1229 2198 Dura.
1250 2151 1300 2206 lam
1319 2149 1401 2212 777777·
1412 2153 1483 2200 nullo

283 2233 413 2296 „piscinae
424 2234 534 2296 publicae
546 2234 665 2297 hodieque
675 2250 763 2286 nomen
773 2239 863 2300 manet,
897 2235 971 2284 modo
996 2236 1054 2283 terri
1080 2237 1179 2297 poteet3
1208 2251 1264 2286 nam
1288 2240 1372 2299 niqror
1397 2241 1484 2290 morlia

283 2323 334 2382 ipra
352 2335 402 2372 non
419 2325 508 2377 777777.
529 2323 560 2372 ed
578 2337 650 2385 quem
670 2325 697 2373 et
713 2325 823 2372 natatum
841 2326 866 2374 et
898 2325 937 2373 777
954 2323 1032 2372 7777777
1043 2322 1102 2384 quid
1114 2323 1147 2372 ad
1164 2325 1289 2384 algorem?
1306 2327 1388 2389 ripere
1405 2327 1481 2389 lpltur

282 2410 461 2462 exercitationis
482 2412 574 2475 alioqui
592 2425 664 2461 cauca
680 2411 792 2462 veniebat
814 2425 864 2474 po·
898 2411 1081 2472 reponendum,
1105 2411 1148 2460 red
1166 2423 1258 2460 mercer
1277 2424 1327 2461 non
1346 2416 1415 2465 77777.
1435 2429 1482 2464 77-

282 2498 376 2560 pulus”
405 2500 561 2551 coniecerunt
586 2501 697 2552 17777777
725 2499 863 2562 significari,
898 2511 946 2560 (pre
963 2512 1023 2547 nom
1045 2501 1096 2548 tom
1119 2498 1205 2561 aliquis
1227 2500 1387 2562 probarerit3
1413 2506 1484 2566 sequi

281 2587 324 2649 qui
345 2588 453 2648 corporis
470 2589 601 2638 exercendi
621 2603 692 2638 cauea
710 2591 735 2640 et
753 2600 865 2652 campum
898 2587 964 2636 7777
984 2585 1071 2636 debuit
1088 2601 1160 2650 qoam
1186 2586 1288 2650 7777777.
1316 2589 1383 2638 recte
1408 2591 1484 2652 igilur

282 2677 308 2724 et
330 2677 433 2737 piscinae
457 2677 629 2741 frequentant3
655 2679 682 2727 id
710 2679 777 2740 quod
805 2679 866 2728 mibi
898 2679 1004 2726 77777777
1020 2676 1118 2725 emend.
1137 2679 1159 2724 7.
1177 2677 1203 2728 77
1220 2676 1288 2725 tctm
1305 2678 1374 2726 locor
1391 2679 1425 2727 ita
1446 2681 1481 2728 le·

281 2764 380 2826 quidem
400 2765 498 2815 ridetur
515 2778 567 2816 7777
584 2769 743 2828 probabilius.
898 2764 1010 2826 penduea
1034 2767 1139 2814 77777777
1157 2763 1217 2828 cipe
1239 2770 1310 2827 olqrn
1328 2767 1408 2829 rtpcrc
1427 2779 1483 2816 777-

317 2855 359 2904 777.
379 2854 472 2903 charit.
490 2855 544 2905 bib.
562 2858 583 2907 1.
609 2869 636 2917 p.
656 2856 700 2904 59.
723 2856 768 2905 Ed.
791 2857 862 2904 lind.
898 2866 945 2902 noe
963 2855 1016 2905 scil.
1036 2853 1160 2912 adustum,
1181 2853 1341 2917 adstrictum,
1362 2857 1391 2904 ut
1407 2856 1482 2904 clim

281 2939 333 3003 3,ln
344 2943 454 2992 vocativo
467 2941 548 2994 tamen
560 2945 569 2992 i
580 2945 687 2993 litteram
701 2945 865 2994 subtrahimus
897 2943 971 2990 777777
991 2941 1054 2991 ratio
1074 2941 1201 2992 habeatur.
1223 2943 1272 2991 etsi
1290 2943 1316 2992 in
1334 2944 1482 3004 7777777777

281 3043 337 3080 nam
361 3032 381 3080 77
405 3032 535 3080 7777777777·
551 3033 577 3082 77
593 3031 654 3081 iulii
675 3031 786 3094 (77777777
802 3032 865 3082 lolio
898 3031 1114 3080 Grammaticorum
1130 3030 1178 3079 hoc
1195 3030 1287 3093 ubique
1311 3030 1406 3080 restitui
1431 3045 1483 3080 nou

281 3118 393 3182 Petscb.)
423 3119 524 3184 dixeris,
545 3125 635 3171 Graece
660 3121 820 3170 declinaveris
837 3123 866 3170 ut
897 3121 986 3181 potest.

281 3207 393 3259 Lucilius.
418 3213 446 3258 ln
464 3210 525 3260 cod.
542 3211 596 3258 eei:
615 3209 865 3260 'l’iereilconiadoet
932 3207 975 3256 87.
995 3209 1057 3258 lion.
1076 3221 1102 3270 p.
1116 3209 1198 3258 50.b.
1225 3221 1301 3257 7777777
1324 3221 1352 3254 cc
1373 3209 1482 3267 cercopi-

282 3297 379 3344 romani
391 3297 416 3346 et
433 3297 527 3348 thermo
539 3297 621 3360 putas.
638 3299 663 3347 cl
676 3299 780 3347 Pamooi
790 3299 864 3348 etlam
897 3295 981 3376 7777777
999 3296 1075 3348 codd.
1097 3296 1142 3346 sed
1153 3296 1260 3358 syllabae
1275 3296 1309 3344 ita
1326 3293 1479 3342 disiunctio:

282 3399 393 3449 paruam,
413 3399 527 3450 pumum,
548 3399 647 3448 pamnm
660 3385 762 3447 intelligi
772 3387 863 3448 potest.
897 3399 981 3445 aecer,
1000 3387 1066 3447 capit
1078 3385 1159 3438 locon.
1180 3395 1254 3447 quare
1265 3395 1331 3432 77777
1342 3383 1408 3443 capti
1420 3381 1483 3431 77777

282 3485 327 3534 pro
353 3475 426 3536 palat
457 3477 531 3537 vulgo
558 3476 670 3525 Pomlnrc
696 3476 757 3524 erat.
789 3488 865 3537 quare
898 3473 928 3521 77.
950 3475 992 3522 lb.
1013 3487 1067 3522 acer
1085 3475 1113 3523 Δ.
1135 3485 1236 3522 cenom
1251 3485 1281 3523 cc
1297 3470 1483 3533 cercopithecum

283 3563 385 3613 emendo
403 3565 532 3625 utsupra.
897 3562 929 3612 ci.
949 3565 981 3614 ll.
1000 3565 1060 3615 lion.
1079 3563 1110 3611 de
1128 3575 1206 3611 verrio
1222 3551 1388 3610 haec'lrebetc
1411 3560 1480 3622 „lra-

317 3652 361 3699 76.
379 3653 465 3700 77777.
489 3652 522 3698 ad
548 3653 609 3699 lior.
636 3651 713 3700 Serm.
732 3654 750 3701 7,
771 3653 796 3699 l.
819 3653 863 3701 87.
898 3651 1002 3700 bebatur
1012 3663 1102 3701 nomen
1111 3652 1158 3700 hcc
1166 3664 1212 3712 pro
1223 3649 1316 3700 vitabrli
1324 3649 1482 3698 maledicto.''

282 3737 363 3788 schol.
382 3748 431 3798 qua
443 3738 551 3798 ratione,
573 3751 717 3799 quocunqne
733 3740 806 3789 modo
818 3742 864 3803 777,
932 3739 977 3788 87.
996 3742 1056 3791 Non.
1075 3754 1100 3800 p.
1119 3739 1162 3790 83.
1189 3737 1341 3799 hippocampi
1362 3737 1482 3799 clasem·

284 3826 313 3874 nt
322 3827 412 3885 poeta:
433 3839 481 3889 qua
493 3827 540 3876 etc.
553 3829 619 3876 busa
638 3827 782 3889 adscripsit:
801 3828 866 3878 bunc
898 3827 1006 3876 camillos
1018 3827 1093 3879 codd.
1113 3826 1323 3888 clcfaotccomclcr
1340 3827 1370 3878 ci.
1384 3827 1481 3876 77777777.

283 3914 487 3976 elegantissimum
498 3929 596 3966 verenrn
608 3917 765 3968 vetustissimi
776 3933 866 3968 manu·
898 3915 1153 3978 complippclepbcnlc
1164 3915 1268 3964 comior
1280 3915 1310 3967 ci.
1323 3918 1397 3965 buca.
1419 3915 1483 3975 liip-

283 4004 368 4064 eoripti
384 4005 514 4056 auctoritas
526 4007 654 4056 manifesto
666 4007 757 4056 Lucilio
770 4008 864 4057 tribuit.
898 4004 1104 4067 pocampclefcolo
1132 4005 1234 4054 77777777
1264 4005 1325 4053 scal.
1356 4003 1399 4051 ced
1428 4013 1485 4050 conr

319 4094 361 4142 77.
375 4093 441 4142 ‘lion
460 4107 486 4155 p.
501 4094 561 4144 777.
581 4108 663 4145 rumor
674 4096 764 4146 adiecit
781 4100 864 4146 buca:
899 4095 959 4145 lton.
978 4095 995 4142 l.
1015 4097 1034 4143 l.
1055 4097 1184 4158 postquam
1201 4095 1238 4143 bie
1256 4105 1308 4144 roc.
1328 4091 1400 4151 hippo
1416 4103 1486 4138 cam-

285 4181 348 4243 „ita
365 4195 463 4234 777777
481 4183 636 4248 supplemus,
656 4185 864 4248 nisiquicrnalll:
899 4195 942 4244 poa
966 4183 1089 4246 laudarit,
1117 4183 1210 4232 addat:
1239 4179 1373 4240 ,,7.7777777
1395 4181 1484 4228 777777-

284 4270 388 4322 7777777.”
903 4283 974 4320 verso
987 4271 1072 4322 ordine
1083 4273 1167 4335 posuit
1177 4270 1240 4323 etc.”
1258 4269 1359 4318 77777777
1374 4268 1463 4318 rectius
1476 4283 1482 4316 ι

319 4360 365 4411 78.
383 4363 447 4414 Non.
466 4375 489 4424 p.
506 4362 564 4412 770.
906 4361 1050 4425 Gompiipp.
1061 4362 1106 4412 7777
1118 4361 1163 4412 boc
1175 4361 1248 4411 etiam
1261 4357 1291 4408 ad
1304 4357 1484 4408 ducrumrocc.
