3274 5134
268 414 304 475 777
658 417 689 476 C.
711 415 848 476 LUCILII
871 407 1077 484 mumolum

273 568 322 628 77.
353 567 432 630 Cum
453 566 597 628 dederim
620 566 702 628 vilae
727 577 818 628 meae
839 563 1000 647 epitagme
1019 561 1124 644 Apelli
1152 563 1248 643 longe
1273 577 1373 642 opere
1396 567 1470 623 aule

903 706 906 714 ·
927 678 990 742 alia
1012 677 1130 740 omniu.

276 795 324 856 73.
351 795 466 857 Latere
486 796 630 876 pendens
653 813 731 857 saxa
754 810 907 876 spargens
927 793 1004 856 labo
1031 791 1121 854 sanie
1152 795 1184 851 et
1208 787 1365 872 empulae
1390 796 1470 852 7777.

718 983 852 1059 Lm.
876 979 1024 1054 XXX.
1105 1037 1108 1044 .

300 1140 327 1198 1.
353 1137 413 1199 Illo
437 1137 515 1220 quid
535 1137 591 1198 fiat
610 1137 722 1198 Lamia
743 1142 774 1198 el
793 1135 912 1218 Pytho,
936 1134 1136 1216 oxyodoules
1179 1153 1183 1158 ·

356 1252 452 1327 Quod
471 1251 748 1334 veniunt-gumiae
768 1251 861 1324 illae,
883 1250 1027 1321 vetulae,
1053 1249 1237 1329 improbae,
1260 1247 1398 1327 iuopiee.

299 1367 329 1427 2.
355 1399 439 1411 --
464 1367 606 1430 Leonem
705 1433 715 1448 ,

356 1481 529 1560 Aegrotum
553 1498 590 1541 ae
614 1480 745 1542 lassum.
772 1513 806 1523 -
823 1513 858 1524 -
947 1495 952 1500 ·

300 1593 330 1653 3.
354 1593 499 1655 Deducta
518 1599 593 1656 luno
618 1612 697 1656 voce
720 1595 793 1656 leo:
818 1593 882 1655 Cur
902 1599 935 1654 lu
958 1595 1029 1673 ipsa
1051 1593 1160 1656 venire

356 1709 426 1768 Non
445 1707 492 1770 vis
512 1707 601 1770 huo?
916 1707 920 1714 '

304 1823 333 1882 7.
359 1821 446 1896 Quid
468 1821 531 1882 sibi
550 1823 642 1884 vull‘l
663 1841 763 1905 quare
784 1822 840 1896 fit,
861 1828 897 1883 ut
916 1823 999 1884 intro
1019 1841 1129 1884 versus
1151 1827 1182 1884 el
1207 1821 1248 1884 ad
1268 1827 1307 1883 le

359 1936 527 2017 Specteut,
550 1940 647 2018 etque
668 1935 770 1998 lemni
789 1937 921 2019 vestigia
942 1955 977 1998 se
998 1937 1104 2000 omnia
1125 1938 1278 2018 prorsus?

284 2123 474 2132 ——---—-··-—-

319 2235 362 2283 72.
382 2236 442 2289 llon.
455 2249 480 2296 p.
491 2235 549 2288 232.
562 2238 585 2290 b.
599 2238 646 2286 Gai
655 2237 696 2287 adi
707 2237 862 2286 deimlaalia
895 2235 1004 2298 appepela'
1014 2239 1087 2286 Dosa.
1100 2236 1167 2296 quod
1178 2233 1244 2298 dedi,
1254 2237 1292 2286 est
1304 2237 1335 2288 de
1345 2248 1398 2286 meo
1411 2235 1475 2285 caui.

283 2335 351 2375 meaa
370 2325 487 2389 epilepma
504 2324 606 2386 apepella'
623 2323 691 2386 loape
715 2338 787 2386 opera
804 2328 862 2373 77777
895 2326 949 2372 Duo
967 2327 1076 2374 extrema
1099 2324 1232 2384 fragmenta
1251 2324 1280 2372 77
1302 2325 1327 2373 77
1346 2323 1390 2373 77.
1409 2322 1474 2384 apud

283 2411 335 2461 alia
359 2412 441 2460 amaia
466 2413 500 2461 ita
525 2412 600 2464 codd
623 2414 662 2461 W.
681 2415 710 2464 L.
741 2413 862 2462 calderim
895 2414 985 2461 Dueam
1002 2413 1046 2462 lib.
1065 2411 1187 2460 trieesImo
1205 2411 1326 2472 adscripta
1341 2413 1408 2460 sunl.

282 2503 309 2547 ia
327 2501 378 2548 alta
394 2513 461 2549 meae
479 2501 601 2564 apilapma
618 2499 692 2561 apelli
709 2503 737 2548 B.
765 2501 860 2549 77777777-
929 2501 972 2549 75.
990 2501 1052 2553 Nou.
1079 2513 1103 2561 p.
1122 2499 1182 2547 777.
1208 2497 1253 2547 777.
1279 2498 1328 2550 Cic.
1350 2501 1422 2550 ¹luae.
1448 2500 1473 2546 l.

281 2588 353 2639 77777777
375 2591 403 2638 Α.
428 2592 448 2641 l.
474 2592 549 2638 uma.
580 2591 632 2638 dedi
652 2587 772 2638 minutiae
795 2599 861 2638 meae
895 2587 924 2652 §-
946 2589 1004 2640 707.
1026 2589 1069 2650 qui
1093 2601 1125 2636 ex
1151 2587 1221 2636 Ennii
1249 2587 1354 2649 Thyeste
1379 2587 1472 2636 laudat.

283 2678 489 2747 ἐπίτευγμα
512 2679 616 2740 appendi
639 2691 688 2740 mp.
717 2681 739 2727 7.·
761 2679 794 2726 al.
819 2683 858 2740 ep.
895 2677 1011 2728 columma
1035 2675 1104 2740 pulei
1129 2676 1247 2724 Lucilium
1270 2675 1297 2725 'm
1320 2675 1393 2726 satira
1414 2675 1473 2725 haec

282 2767 382 2816 Dusam.
403 2767 533 2830 epiteplna
555 2767 641 2828 appeaa
657 2769 683 2819 Α.
702 2768 720 2820 7.
743 2767 861 2830 epiapina
895 2767 1001 2816 maiam
1019 2767 1093 2816 verba
1110 2765 1246 2816 7777777777.
1265 2763 1334 2815 sauia
1347 2777 1396 2814 om.
1410 2767 1430 2813 7.
1443 2766 1473 2814 l).

782 2905 866 2952 m.
885 2905 980 2952 m.

320 3035 344 3079 7.
361 3031 408 3079 7777
425 3031 480 3092 pald
498 3030 542 3087 7777
559 3031 646 3078 Lamia
671 3032 693 3078 77
717 3030 782 3079 777777
797 3029 861 3079 ieie
895 3028 939 3080 sed
956 3041 1002 3092 pao
1022 3029 1091 3078 777777
1108 3041 1232 3090 caremue3
1251 3027 1319 3078 7777777
1337 3032 1364 3078 1..
1385 3041 1433 3091 mg.
1453 3032 1473 3078 7.

285 3119 367 3168 aeoles
383 3117 445 3180 qaod
462 3118 563 3167 veniant
579 3113 670 3181 pamiae
687 3114 744 3166 illae
757 3115 860 3178 77777777,
894 3115 1006 3179 illepidae
1025 3118 1057 3167 77.
1078 3121 1099 3166 l.

284 3203 406 3266 improbae
423 3207 518 3267 ineptae
539 3205 574 3255 lta
590 3206 648 3255 haee
666 3205 780 3266 lepmmr
796 3206 862 3268 apud
931 3207 958 3256 2.
976 3208 1038 3258 llon.
1058 3220 1084 3269 p.
1098 3207 1158 3260 577.
1174 3221 1197 3258 a.

283 3293 388 3343 Nouium
405 3307 426 3346 s.
444 3308 468 3346 v.
487 3293 587 3360 pemiae.
605 3294 649 3344 aed
665 3294 711 3344 hoe
727 3291 862 3356 ipsumio-
930 3294 957 3342 d.
975 3295 1038 3348 Nou.
1063 3309 1088 3358 p.
1110 3295 1170 3344 798.
1189 3308 1212 3344 e.
1239 3295 1339 3342 7777777777
1357 3296 1414 3342 lam
1431 3296 1476 3345 777.

285 3383 395 3432 emulum
407 3383 518 3433 dubium.
537 3381 601 3445 apud
613 3383 661 3434 cie.
675 3383 739 3432 euim
751 3381 782 3432 de
797 3383 862 3434 Flui-
897 3382 968 3432 77777
991 3385 1057 3433 Duae
1079 3385 1105 3435 L.
1127 3396 1161 3435 m.
1185 3385 1210 3431 7.
1238 3381 1336 3431 7777777777
1357 3381 1389 3429 ad
1411 3379 1478 3430 777777

281 3471 330 3522 'buo
347 3473 378 3522 77.
396 3473 421 3522 8.
440 3474 512 3523 lectio
530 3475 626 3533 pamiae
644 3486 658 3521 7
675 3471 791 3521 Lembluo
808 3470 864 3522 ela
899 3471 930 3521 ei.
949 3473 1014 3522 Guil.
1040 3473 1064 3525 2.
1083 3473 1107 3522 l.
1133 3473 1209 3522 Palm.
1232 3472 1290 3520 777.
1315 3483 1369 3520 uoce
1393 3468 1474 3520 77777.

285 3563 389 3612 07777777
406 3575 420 3612 7
437 3561 512 3612 Pelet.
532 3564 551 3614 7.
571 3561 679 3621 editum,
707 3561 783 3610 ceteri
799 3561 864 3612 enlm
899 3563 974 3611 (7.1..
1001 3563 1066 3623 vulp.
1091 3561 1156 3609 nulla
1179 3560 1316 3610 coniectura
1343 3571 1403 3622 opus
1430 3560 1476 3620 777,

283 3661 370 3716 pomae
391 3652 500 3702 tuentur.
518 3651 644 3713 praeterea
664 3650 773 3699 eiusdem
790 3663 864 3700 voee-
900 3651 980 3700 omnia
999 3651 1062 3700 bene
1079 3659 1105 3697 ae
1122 3647 1222 3697 hebent.

284 3739 336 3788 buli
359 3737 517 3786 auctoritatem
538 3737 620 3786 firmat
643 3738 775 3800 Appulelus
793 3740 864 3801 epol.
934 3733 960 3787 l.
979 3739 1040 3789 Non.
1059 3749 1085 3798 p.
1098 3733 1156 3784 7777.
1169 3735 1195 3788 77.
1220 3737 1245 3788 h.
1271 3738 1289 3788 7.
1317 3739 1425 3798 spectant
1447 3737 1477 3786 1..

285 3839 310 3888 p.
331 3825 389 3877 7770.
414 3827 439 3874 iu
466 3837 536 3874 usum
560 3825 648 3890 Delph.
676 3827 701 3876 77
725 3828 810 3876 777777
837 3839 863 3877 v.
899 3825 927 3878 G.
945 3827 972 3877 B.
995 3828 1018 3874 el
1039 3825 1071 3873 ad
1098 3827 1171 3874 77...
1198 3829 1223 3876 77
1238 3825 1323 3875 omnia
1339 3825 1371 3874 77.
1392 3829 1413 3879 7.
1439 3829 1478 3874 aed

284 3911 406 3974 inplaoies
421 3914 463 3963 ubi
481 3928 494 3963 a
511 3913 569 3976 pala
585 3912 727 3976 dedueilm,
747 3915 790 3964 sed
808 3927 864 3964 rec·
899 3915 982 3963 amaia
1005 3917 1023 3965 7.
1048 3913 1124 3962 77785.
1148 3914 1233 3964 amala
1252 3926 1278 3964 77
1300 3912 1379 3964 nealal
1402 3913 1478 3965 Godd.

284 4003 349 4065 lius,
371 4001 474 4064 Scaliger
491 4003 560 4055 coui.
573 4003 681 4053 777777.
702 4003 743 4056 Vl.
761 4015 787 4066 p.
804 4003 862 4054 7777.
899 4001 943 4052 sed
966 4001 1032 4051 reete
1053 4013 1078 4051 77
1099 4003 1183 4052 omnia
1207 4005 1239 4052 D.
1266 4003 1295 4063 777
1314 4003 1405 4052 intrav.
1428 4001 1477 4050 Gir.

285 4103 400 4153 agmeeo
418 4087 511 4160 γόμος
529 4093 554 4142 ei
570 4093 659 4160 γέμω.
679 4091 723 4145 cfr.
751 4093 865 4154 7777777777
899 4105 925 4154 p.
941 4091 1001 4140 770.
1020 4090 1066 4143 cfr.
1085 4104 1110 4153 p.
1122 4089 1184 4140 775.
1203 4103 1226 4140 a.
1245 4091 1288 4140 ubi
1304 4101 1349 4151 pro
1366 4090 1438 4139 adad
1456 4094 1479 4140 le

286 4195 326 4243 ap.
338 4180 404 4232 7777.
422 4193 447 4242 p.
461 4179 502 4231 77.
520 4179 564 4232 lld.
578 4179 632 4230 ou.
653 4181 710 4230 aule
728 4183 759 4234 77.
776 4191 866 4242 peaaae
897 4179 1014 4242 scriptum
1038 4171 1088 4230 777.Ι
1109 4181 1188 4230 aelate
1210 4181 1235 4228 77
1256 4179 1296 4227 aed
1317 4179 1408 4229 omniu.
1431 4177 1480 4231 7777.

284 4269 401 4332 seriptum
419 4269 481 4319 erat.
507 4267 605 4333 pluvida
621 4269 651 4321 77.
667 4269 766 4319 77777777.
791 4267 866 4334 777777
899 4282 926 4329 p.
941 4268 999 4320 770.
1018 4269 1087 4320 7777777
1102 4279 1185 4318 aereae
1201 4271 1224 4316 el
1240 4268 1273 4315 ad
1291 4269 1312 4316 77
1328 4266 1361 4316 77.
1381 4265 1424 4318 30.
1444 4267 1478 4328 93

284 4359 432 4426 oaeyoaomea
455 4369 501 4419 aaa
524 4371 550 4408 a.
577 4357 596 4406 7.
620 4359 716 4424 pamiae
743 4356 775 4404 77.
800 4353 864 4406 Saul.
899 4358 922 4405 77
944 4357 1026 4407 omnia
1044 4355 1107 4409 Guil.
1127 4357 1158 4406 17.
1180 4359 1204 4404 7.
1223 4355 1253 4406 el.
1276 4367 1316 4417 ap.
1337 4355 1367 4404 7).
