3286 5126
492 455 765 516 numeruntur
787 456 1017 516 nxroblwa.
1279 475 1350 518 eurr

159 611 302 668 exortum
324 611 389 678 est,
418 619 498 683 quae
517 604 664 683 impletae
683 603 791 666 modis*
804 610 926 666 saturae
944 603 1028 684 apud
1050 602 1179 666 Livium
1192 603 1349 669 deantur.

158 727 220 790 Sed
233 745 305 788 cum
318 726 422 789 Livius
435 724 631 788 Andronicus
644 726 763 806 primus
777 727 911 788 Graecas
925 725 1084 788 docuisset·
1095 725 1227 801 fabulas,
1244 727 1352 790 ludus·
1463 750 1466 757 ·

159 863 220 929 que
244 851 279 910 in
304 856 403 912 artem
426 849 587 922 vertisset,
614 849 759 911 iuventus
785 852 945 923 Romana,
967 865 1007 910 ne
1032 849 1168 928 patrium
1195 849 1350 912 ludicram

158 974 293 1054 periret,
316 973 430 1034 iterum
454 972 493 1033 ad
514 973 674 1051 antiquum
693 971 868 1033 institutum
888 970 982 1033 rediit
993 991 1003 1044 ς
1028 987 1108 1051 quae
1128 971 1253 1050 quidem
1275 971 1351 1034 ridi-
1403 1045 1406 1050 ¹

159 1097 230 1158 cola
253 1094 396 1157 versibus
420 1093 558 1169 intexta,
586 1101 695 1174 postea
717 1094 829 1156 exodia
859 1095 1016 1174 appellata
1041 1101 1072 1155 et
1099 1101 1228 1174 propter
1253 1111 1349 1174 argu-

159 1218 256 1280 menti
285 1216 517 1280 similitudinem
546 1223 689 1279 conserta
719 1215 842 1279 fabellis
871 1217 1062 1296 potissimum
1088 1216 1239 1278 Atellanis
1266 1224 1348 1279 sunt.

159 1342 247 1404 Unde
266 1341 452 1421 intelligitur
472 1347 504 1402 et
523 1341 657 1420 priscam
674 1339 759 1402 illam
778 1342 920 1401 Saturam
941 1347 974 1402 et
994 1339 1106 1402 exodia
1128 1339 1168 1402 ad
1193 1341 1349 1404 scenicum

160 1465 261 1544 poesis
281 1483 379 1544 genus
402 1481 469 1525 esse
490 1463 657 1526 referenda
677 1471 709 1525 et
728 1463 760 1525 id
781 1467 902 1525 tantum
916 1462 1102 1526 discriminis
1114 1463 1233 1538 inesse,
1255 1463 1350 1547 quod,
1434 1471 1437 1476 ·

160 1587 212 1667 qui
233 1605 340 1648 versus
359 1584 428 1648 illos
449 1604 488 1648 ex
511 1592 651 1666 tempore
671 1585 863 1660 tundebant,
892 1604 954 1647 non
980 1603 1077 1648 anum
1104 1555 1229 1666 alipuod
1255 1603 1351 1668 argu·

160 1717 298 1771 mentum
328 1708 543 1781 illustrabant,
580 1706 635 1769 sed
670 1709 853 1770 varietatem
883 1707 1068 1787 spectabant
1096 1715 1190 1786 atque
1219 1707 1352 1770 ridicula

159 1832 338 1912 captabant.
381 1833 425 1891 lix
445 1847 505 1910 quo
522 1839 639 1910 genere
660 1830 776 1892 Ennius
796 1835 828 1890 et
844 1831 998 1893 Pacuvius
1015 1829 1196 1893 varietatem
1218 1831 1351 1894 maxime

159 1955 324 2034 sumpsisse
338 1955 388 2016 vel
409 1954 511 2033 potius
526 1952 701 2029 retinuisse,
723 1951 778 2014 sed
799 1959 831 2014 et
850 1952 883 2014 in
903 1952 1139 2032 argumentiset
1157 1952 1352 2015 lucrationis

161 2076 259 2138 lorma
289 2077 384 2138 multo
410 2068 539 2156 propius
561 2074 601 2136 ad
631 2075 769 2136 carmina
795 2073 950 2137 didactica
970 2075 1159 2136 Graecorum
1184 2075 1351 2138 accessisse

158 2198 315 2261 videntur.

240 2322 309 2399 Quo
336 2320 461 2399 quidem
490 2320 606 2381 iactum
636 2324 700 2392 est,
738 2325 773 2380 ut
799 2318 898 2380 omnis
925 2318 978 2380 illa
1004 2322 1174 2383 vernacula
1202 2319 1353 2384 festivitas

161 2445 372 2522 expelleretur
397 2450 429 2504 et
456 2449 554 2504 totum
581 2442 642 2505 hoc
662 2460 761 2522 genus
786 2444 882 2504 multo
909 2442 1007 2523 magis
1033 2440 1211 2505 bominibus
1233 2443 1352 2506 Graece

160 2565 260 2628 doctis
302 2583 394 2646 quam
435 2566 574 2627 tunicato
613 2566 736 2645 popello
769 2565 966 2644 probaretur.
1017 2565 1153 2627 Lucilius
1184 2567 1280 2646 igitur
1312 2565 1352 2628 ad

162 2690 339 2768 exemplum
359 2689 528 2751 iuventutis
542 2691 715 2761 Romanae,
735 2704 816 2767 quae
830 2688 964 2766 patrium
976 2686 1084 2748 ludum
1098 2687 1138 2750 ab
1150 2685 1353 2750 histrionibus

161 2813 259 2892 pollui
285 2828 348 2871 noa
376 2829 465 2891 passa
495 2819 558 2886 est,
589 2811 747 2889 antiquam
767 2810 909 2871 Saturam
936 2827 954 2870 a
981 2809 1101 2870 Graeca
1122 2807 1303 2871 eruditione
1320 2817 1353 2872 et

161 2942 230 2997 arte
252 2933 291 2996 ad
311 2934 451 2996 italicum
470 2937 609 3016 leporem
623 2933 797 3007 revocavit,
819 2939 861 3008 et,
883 2932 936 3011 qui
950 2932 1023 2994 olim
1038 2939 1231 3012 extempore
1243 2949 1352 2994 versus

162 3055 386 3133 fundebantur,
409 3045 461 3120 eos
481 3057 600 3138 primns
620 3057 734 3125 litteris
753 3054 939 3131 custodivit,
960 3055 1003 3118 ita
1022 3061 1057 3117 ut
1077 3061 1110 3118 et
1122 3055 1306 3117 variantem
1319 3064 1354 3118 et

162 3183 405 3262 exlenrporalem
417 3180 501 3242 illam
515 3180 695 3242 facultatem
708 3180 760 3243 vel
772 3180 805 3240 in
820 3177 1009 3241 carminibus
1023 3179 1222 3258 exprimeret,
1237 3180 1353 3258 quippe

162 3306 216 3383 qul
241 3305 274 3365 in
299 3302 377 3367 bora
403 3319 497 3384 saepe
527 3304 678 3366 ducentos
703 3321 812 3366 versus
835 3303 987 3378 dictaret,
1015 3308 1100 3364 stans
1122 3301 1204 3382 pede
1226 3302 1258 3362 in
1278 3317 1351 3376 uno,

162 3434 194 3490 et
214 3428 345 3508 plurima
361 3435 393 3490 et
406 3427 529 3490 diversa
546 3427 579 3488 in
594 3426 704 3488 eodem
723 3426 804 3488 libro
819 3427 1090 3505 complecteretur,
1107 3409 1296 3504 ¹saturasoue
1314 3424 1354 3484 ad

161 3551 339 3612 tabularum
366 3557 549 3632 argumenta
575 3554 786 3630 componeret.
828 3551 937 3627 ltaque
963 3565 1025 3610 non
1050 3548 1149 3610 solum
1176 3546 1354 3614 libertatem

161 3675 284 3755 priscae
307 3673 486 3738 comoediae
510 3673 679 3755 expressit,
707 3670 761 3734 sed
792 3671 893 3734 etiam'
911 3689 951 3734 ex
981 3677 1048 3733 arte
1075 3670 1196 3732 ludicra
1221 3671 1354 3750 plurima

161 3796 311 3858 orationis
338 3795 516 3860 adiumenta
542 3797 661 3871 bausit,
695 3795 739 3857 ita
768 3803 803 3858 ut
829 3795 897 3875 ipse
924 3793 1085 3868 Horatius,
1114 3793 1197 3855 illius
1216 3794 1355 3874 vestigiis

161 3920 338 3998 ingressus,
363 3922 489 4001 saepius
516 3939 578 3983 non
598 3921 641 3982 ita
661 3919 792 3981 multum
813 3915 1026 3982 stabularum
1047 3914 1195 3979 diverbiis
1214 3913 1353 3978 recedat.
1464 3949 1470 3958 ·

162 4040 250 4103 Unde
271 4041 366 4104 recte'
378 4044 555 4106 Venusinus
574 4051 684 4127 poeta,
707 4061 778 4105 cum
798 4041 930 4122 liupoliu
945 4047 1038 4120 atque
1059 4039 1218 4103 Cratinum
1239 4039 1355 4101 Aristo·

163 4161 360 4244 phanemque
379 4177 666 4241 commemorasset,
692 4167 830 4230 indicat:
1235 4157 1238 4162 ’

274 4258 279 4268 “
317 4286 397 4350 llinc
418 4287 518 4349 omnis
538 4288 656 4367 pendet
678 4291 830 4364 Lucilius,
852 4289 947 4350 hosce
967 4292 1103 4362 secutus,

226 4431 231 4436 ·
317 4411 442 4475 llutatis
461 4417 582 4474 tantum
602 4411 736 4492 pedibus
755 4411 954 4490 numerisque
974 4409 1106 4472 facetus.

200 4535 276 4581 helil
291 4535 363 4590 narn.
1104 4533 1127 4592 t
