3242 5138
276 381 336 425 xxrr
625 359 680 416 bb
696 355 880 418 PERSONlS
896 356 1120 424 numeratus.

277 514 345 570 erat
373 507 483 587 copia,
510 506 542 566 in
571 521 705 585 persona
738 503 855 567 Albutii
883 503 1017 567 irrisisse
1046 503 1180 592 videtur,
1209 520 1302 584 quem
1327 510 1363 566 ut
1392 505 1469 568 alios

276 629 479 692 multosillis
505 628 696 707 temporibus
726 627 768 690 ita
799 626 919 706 patriae
949 597 1075 706 puduit,
1108 632 1156 687 ut
1173 626 1343 688 Graeculus
1375 643 1468 705 quam

278 753 433 812 Romanus
454 748 606 809 nominari
627 748 731 810 vellet.
773 748 914 810 Accessit
938 749 1121 827 plerumque
1141 747 1175 808 in
1194 748 1344 810 eiusmodi
1365 747 1467 810 homi-

278 871 379 934 nibus
403 872 593 932 Graecorum
619 870 702 932 vitae
729 869 882 943 studium,
913 868 995 948 quod
1022 869 1123 952 ipsum
1152 869 1300 932 Graecari
1326 870 1471 934 Horatius

270 988 374 1064 dicit;
390 992 455 1063 ita,
478 991 550 1052 dum
572 991 772 1070 asperitatem
792 990 972 1070 fugiebant,
1002 1009 1103 1068 morea
1130 991 1322 1052 effeminatos
1346 999 1378 1052 et
1403 993 1469 1054 dis-

279 1115 394 1176 solutos
414 1113 544 1173 aliorum
565 1111 778 1174 imitabantur.
813 1113 896 1172 llaec
911 1112 1012 1172 omnia
1035 1112 1068 1172 in
1083 1112 1206 1180 Albutio
1221 1112 1310 1174 inere
1320 1133 1330 1185 3
1354 1113 1470 1193 quippe

279 1235 333 1314 qui
356 1209 409 1296 diu
439 1231 568 1294 Athenis
595 1233 732 1306 vixerat,
762 1233 920 1311 perlectus
946 1235 1116 1314 Epicureus
1136 1242 1294 1309 evaserat,
1323 1243 1355 1298 et
1381 1236 1471 1300 dum·

279 1362 371 1418 natus
399 1355 581 1434 aequissimo
605 1354 708 1414 animo
736 1353 865 1416 Athenis
886 1352 1184 1446 philosophabatur;
1213 1365 1376 1437 praeterea
1402 1365 1472 1422 erat

279 1478 312 1538 in
333 1476 442 1540 eodem
462 1477 599 1538 minutae
621 1482 652 1536 et
667 1475 852 1538 artificiosae
867 1478 1014 1539 orationis
1028 1479 1181 1568 studium,
1204 1497 1296 1558 quem
1315 1479 1471 1542 inlinitum

282 1605 313 1660 et
332 1598 484 1677 puerilem
503 1596 641 1664 laborem
662 1599 739 1660 scite
759 1600 906 1660 Scaevola
927 1599 1115 1680 exagitavit:

399 1720 531 1798 „Quam
551 1719 656 1800 lepide
679 1715 790 1802 λέξεις
810 1729 988 1803 compostae
1007 1728 1042 1808 ut
1062 1725 1230 1784 tesserulae
1251 1739 1357 1786 omncs

396 1843 487 1914 Arte,
510 1843 688 1921 pavimento
709 1851 801 1922 atque
820 1845 1005 1906 emblemate
1026 1845 1259 1930 vermicalpto.”

282 1963 345 2026 Cir.
369 1964 433 2026 Cio.
454 1963 509 2024 Or.
532 1965 580 2023 ll.
602 1964 642 2024 de
665 1965 753 2024 Finn.
776 1967 798 2025 l.
820 1966 850 2026 5.
873 1967 902 2027 9.
925 1969 970 2028 Ne
991 1971 1095 2028 tamen
1116 1968 1226 2047 aliquis
1253 1983 1291 2027 ex
1305 1967 1376 2028 tine
1403 1984 1473 2028 ora·

282 2084 391 2159 tionis,
415 2101 505 2164 quam
530 2102 548 2146 a
568 2086 716 2146 Scaevola
737 2084 875 2147 habitam
890 2103 958 2146 esse
978 2085 1066 2166 fingit
1084 2087 1235 2159 Lucilius,
1259 2088 1359 2158 „hinc
1380 2088 1473 2148 hortis

280 2208 326 2268 mi
346 2207 495 2268 Albucius
515 2207 585 2267 binc
605 2207 773 2268 inimicca'’
801 2204 862 2268 hoc
881 2206 1166 2285 sihipersuadeat,
1195 2206 1268 2266 hinc
1295 2206 1473 2288 inimicitias

281 2329 365 2390 inter
385 2330 565 2388 Scaevolam
591 2335 622 2388 et
649 2327 811 2386 Albucium
839 2335 922 2390 ortas
948 2345 1013 2390 esse
1026 2347 1034 2398 ;
1060 2329 1156 2392 multo
1179 2334 1251 2388 ante
1273 2327 1354 2388 enim
1376 2329 1472 2388 Scae·

283 2450 352 2508 vola
378 2447 418 2508 ab
444 2447 574 2510 Albucio
600 2449 845 2527 repetundarum
875 2455 1037 2510 accusatos
1072 2449 1126 2510 sed
1157 2450 1316 2514 absolutus
1348 2451 1472 2523 iuerat3

283 2569 350 2638 cir,
364 2548 495 2630 Ellendt.
516 2567 588 2631 hist.
613 2572 698 2650 llloq.
727 2574 814 2632 Rom.
829 2591 870 2668 p.
894 2573 1026 2634 Llllllll.
1051 2573 1188 2652 interpp.
1215 2572 1254 2634 ad
1276 2573 1339 2634 Cic.
1362 2573 1469 2633 Scaur.

282 2710 314 2772 p.
336 2691 403 2752 aba.
430 2692 529 2754 beler.
551 2695 719 2756 scaevolae
748 2694 847 2756 oratio
872 2696 968 2775 igitur
996 2696 1158 2774 aLucAm
1185 2702 1334 2758 exornata
1359 2695 1472 2768 iuerat,
1503 2745 1505 2751 s

284 2814 336 2893 qui
356 2813 441 2874 illum
462 2815 564 2876 locum
586 2834 656 2876 cunr
676 2818 772 2876 multa
788 2822 951 2888 venustate
972 2823 1004 2876 et
1024 2818 1107 2906 omni
1125 2819 1188 2878 sale
1209 2822 1471 2895 pertractaverat.

284 2935 377 2996 Cuius
396 2936 510 2996 satirae
537 2936 689 2997 acerbitas
717 2937 815 3015 magis
845 2937 938 2998 etiam
965 2938 1196 3005 exeusationem
1224 2934 1337 3006 hahet,
1369 2936 1395 2994 si
1421 2935 1474 3004 ille

284 3043 432 3118 Albucius
461 3065 530 3118 erat
554 3057 654 3131 idem,
683 3076 774 3136 quem
795 3059 893 3118 Varro
920 3057 951 3118 in
978 3055 1066 3117 libris
1086 3055 1179 3117 dere
1198 3056 1313 3130 rustica
1334 3057 1474 3136 apprime

284 3179 410 3242 doctum
436 3179 531 3242 tuisse
559 3186 756 3251 auctorest,
786 3179 936 3258 cuiusque
962 3172 1082 3240 libellos
1108 3177 1264 3240 Luciliano
1293 3178 1475 3240 charactere

285 3308 517 3365 commemorat.
562 3302 688 3362 Variant
715 3300 839 3380 quidem
865 3301 938 3360 libri
961 3301 995 3380 in
1025 3301 1244 3379 praenomine,
1273 3301 1355 3381 quod
1376 3301 1475 3362 Varro

285 3423 430 3496 Luciam,
459 3423 593 3485 Lucilius
623 3425 722 3484 Titum
749 3422 843 3484 inisse
867 3423 954 3486 testis
979 3431 1049 3495 est3
1081 3423 1136 3486 sed
1164 3423 1242 3484 haec
1266 3441 1317 3486 res
1337 3441 1398 3484 non
1420 3423 1478 3483 im-

285 3549 405 3628 pedivit
431 3549 623 3620 Ernestiom,
651 3565 711 3625 quo
737 3547 839 3609 minus
869 3548 1004 3610 eundern
1031 3546 1189 3610 hominem
1219 3563 1285 3610 esse
1312 3545 1476 3620 statuerit;

286 3668 369 3748 quod
409 3638 485 3728 mihi
517 3669 641 3747 quidem
680 3637 788 3730 eontra
819 3669 954 3733 videtur.
1001 3671 1140 3749 quamvis
1173 3670 1255 3731 enirn
1286 3682 1477 3750 praenomen

286 3791 424 3863 Marcus,
444 3771 528 3869 quod
549 3790 583 3850 in
603 3790 704 3852 minus
726 3789 808 3852 bono
830 3791 911 3855 lihro
931 3793 1013 3871 apud
1036 3794 1216 3854 Ciceronem
1237 3791 1277 3852 de
1297 3789 1416 3851 Oilieiis
1437 3791 1475 3851 ll.

288 3911 335 3970 lt.
351 3910 400 3972 50.
423 3919 471 3972 est
491 3930 548 3992 pro
570 3913 670 3992 glossa
689 3911 825 3988 habeas,
848 3921 951 3976 tamen
966 3915 1017 3975 vix
1032 3914 1145 3976 adduci
1165 3933 1290 3994 possum
1304 3921 1338 3976 ut
1358 3918 1474 3992 putem,

288 4034 448 4110 aequalem
469 4036 577 4096 Lucilii
597 4037 755 4098 Luciliano
776 4036 959 4100 charactere
980 4038 1160 4116 scripsisse3
1189 4053 1291 4116 neque
1314 4036 1429 4128 Varro,
1452 4034 1477 4094 si

287 4151 348 4216 hoc
386 4156 510 4230 statuit,
547 4155 597 4218 his
633 4153 757 4237 quidem
797 4159 902 4221 verbis
939 4158 999 4220 hoc
1030 4159 1136 4222 dicere
1173 4160 1307 4245 voluisse
1339 4157 1474 4218 videtur.

288 4277 349 4338 Sed
388 4277 519 4342 Ernestii
556 4279 706 4344 iudicium
742 4287 774 4344 et
812 4282 942 4360 Beierus
975 4289 1007 4346 et
1040 4282 1171 4350 Orellim
1203 4280 1319 4346 secuti·
1335 4284 1417 4340 sunt.
1442 4309 1473 4324 -
