3290 5130
277 471 359 514 cucur
654 451 704 508 DE
723 450 920 508 animumn
939 450 1086 509 LUCILII.

275 600 395 664 tiburis.
418 602 492 660 inst.
515 597 649 660 drumm.
673 599 696 657 i.
722 597 775 658 iit
788 616 796 670 ;
822 596 877 658 sed
903 615 960 676 pro
984 599 1088 658 ¹Vectio
1108 597 1282 657 Pbilaoamo
1304 595 1389 675 apud
1410 613 1469 660 nu-

276 724 446 804 perrimam
463 721 602 782 Suetonii
622 719 773 781 editorem
794 737 826 798 p.
843 719 911 781 110.
931 720 1053 780 Vectias
1074 718 1158 795 etQ.
1177 718 1372 779 Philodamus
1391 721 1468 780 scri-

277 853 364 925 ptum
379 851 440 918 ast3
464 860 556 921 quam
575 841 741 902 lectionem
754 841 806 902 vix
820 841 896 915 erit,
917 840 970 918 qui
983 839 1141 901 defendat.
1173 839 1232 900 Sed
1253 840 1353 900 minus
1373 841 1467 902 etiam

276 983 338 1029 vau
359 965 486 1028 Heusdii
508 965 706 1026 coniecturae
733 960 951 1036 tribuendum,
982 961 1036 1040 qui
1061 978 1117 1040 pro
1142 961 1266 1022 verbis:
1294 961 1468 1040 familiaris

276 1091 327 1150 sai
345 1087 485 1167 reposuit
503 1085 716 1166 familiaribus
730 1086 795 1146 stris
816 1089 848 1145 et
861 1084 966 1145 nescio
980 1100 1057 1162 quas
1067 1085 1208 1163 privatas
1222 1083 1343 1147 scholas
1357 1085 1467 1146 Gram-

277 1210 460 1272 maticorum
479 1207 538 1270 sibi
558 1206 659 1268 finxit.
701 1205 761 1267 Sed
781 1207 929 1266 Catonem
943 1211 974 1265 et
992 1206 1096 1286 ipsum
1115 1206 1147 1265 in
1167 1205 1345 1268 Lucilianae
1366 1207 1470 1288 poesis

276 1330 484 1392 monumentis
512 1327 702 1391 illustrandis
731 1344 798 1389 esse
832 1333 1000 1390 versatum·
1018 1327 1110 1388 facile
1140 1327 1250 1407 aliquis
1282 1345 1321 1390 eu
1350 1329 1468 1389 lloratii

278 1453 420 1514 versibus
439 1452 584 1531 colligat:

431 1573 546 1647 Lucili,
568 1590 661 1652 quam
681 1573 722 1635 sis
744 1571 927 1647 mendosus,
950 1576 1180 1648 resuscitans,

344 1721 346 1729 ⁴
434 1693 605 1758 Deiensore
624 1703 689 1768 tuo,
711 1696 906 1775 pervincum,
930 1696 983 1774 qui
1002 1697 1083 1757 male
1103 1696 1201 1757 iactos

435 1817 607 1882 Emendare
627 1824 718 1897 parat
740 1835 859 1880 versus.
902 1819 966 1880 iioc
985 1818 1086 1879 lenius
1107 1818 1159 1879 ille

434 1939 700 2016 Quomeliorvir
721 1939 826 2014 adest,
847 1941 941 2020 longe
961 1939 1108 2001 subtilior·
1121 1940 1185 2013 illo,

335 2077 337 2088 ¹
436 2060 496 2138 Qui
516 2062 646 2121 muitum
667 2077 781 2139 pueros
800 2061 875 2121 ioris
895 2068 927 2120 et
946 2060 1072 2122 funibus
1092 2061 1162 2122 udis

435 2181 633 2256 moriatur,
656 2187 808 2254 ustassai,
828 2197 925 2263 opem
945 2181 998 2258 qui
1018 2180 1102 2241 ieme
1125 2181 1224 2260 poetis
1308 2227 1309 2235 ,

434 2304 575 2381 Antiquis
596 2310 700 2381 posset
719 2309 827 2364 contra
849 2301 972 2362 fastidia
992 2309 1107 2375 nostra,

435 2425 712 2486 Grammaticorum
732 2424 870 2503 equitum
889 2421 1094 2484 doctissimus.

282 2548 344 2609 Cir.
361 2563 420 2610 ran
441 2547 568 2608 iieusdii
587 2548 695 2610 Studia
713 2547 826 2608 Critiea
845 2566 878 2626 p.
895 2545 961 2608 159.
985 2553 1107 2623 etquos
1125 2544 1178 2608 ille
1197 2545 1320 2621 laudat,
1342 2548 1473 2611 Sueton.

282 2671 322 2732 de
342 2672 388 2733 iii.
411 2671 464 2733 Gr.
486 2671 515 2732 lt.
541 2672 576 2733 11
588 2694 597 2744 ;
618 2675 757 2734 Dbntzer
777 2671 839 2748 0p.
859 2673 883 2731 l.
907 2687 938 2748 p.
960 2669 1037 2740 atim
1060 2639 1173 2730 iacobs
1193 2652 1297 2730 Verm.
1321 2667 1410 2731 Schn
1433 2671 1472 2732 Vz

281 2795 387 2874 pass
408 2811 475 2874 sqq.
501 2794 618 2858 naseu
639 2759 789 2856 zeraam.
812 2794 834 2854 r.
857 2790 989 2854 Arteria.
1013 2791 1100 2854 raso.
1126 2809 1160 2871 p.
1176 2791 1255 2863 sum
1280 2793 1387 2854 narro.
1407 2792 1473 2853 m-

281 2935 363 2981 vers.
385 2919 521 2980 XXXiX.
543 2917 572 2978 6.
594 2937 626 2997 p.
642 2917 728 2980 1761.

361 3041 528 3100 Praeterea
551 3040 676 3101 Curtius
700 3039 786 3099 Nicia
807 3041 887 3100 Cous
908 3037 1065 3100 Ciceronis
1085 3036 1260 3110 familiaris,
1290 3036 1330 3097 de
1357 3035 1473 3097 Lucilio

284 3160 398 3222 librum
420 3161 627 3241 composuisse
648 3158 805 3240 putandus
826 3165 889 3234 ast,
911 3161 1027 3238 quippe
1046 3159 1087 3220 de
1101 3176 1162 3238 quo
1176 3159 1340 3220 Suetonius
1354 3157 1393 3218 de
1406 3158 1472 3218 Vir.

284 3278 398 3345 illustr.
421 3301 449 3344 c.
474 3285 521 3345 ib.
543 3284 622 3345 haec
646 3282 763 3348 habet:
787 3283 916 3357 „Huius
938 3281 977 3343 de
997 3281 1114 3343 Lucilio
1134 3282 1231 3375 libros
1251 3282 1343 3342 stiam
1362 3281 1473 3358 Satyra

284 3407 515 3486 comprobat;’'
536 3407 591 3468 ubi
610 3405 695 3468 baud
710 3405 947 3467 dubieSaotra
968 3403 1197 3466 emendantium
1217 3409 1278 3477 est,
1300 3418 1359 3481 qtra
1380 3401 1420 3462 de
1439 3419 1475 3462 re

184 3604 190 3618 ν
285 3529 357 3590 vide
378 3530 567 3592 contrarium
583 3549 647 3592 -van
669 3528 796 3590 ilausdii
817 3533 848 3588 et
867 3527 1015 3588 Dt‘mtzeri
1036 3525 1186 3586 iudicium
1205 3527 1226 3587 i.
1241 3526 1262 3585 i.
1278 3545 1309 3603 p.
1324 3503 1391 3585 rot.
1413 3523 1474 3585 Sed

284 3667 416 3712 nrrmero
427 3652 460 3710 in
475 3629 757 3712 Commentatorum
776 3651 807 3710 in
823 3649 1087 3711 Luciliumetiam
1110 3648 1204 3708 lulius
1225 3649 1330 3708 Florus
1352 3645 1476 3709 videtur

286 3787 354 3831 esse
374 3769 556 3845 habendus,
578 3771 632 3847 qui
653 3765 821 3831 electas'ex
835 3773 943 3844 linitio,
967 3769 1093 3843 Lucilio,
1110 3771 1250 3830 Varrone
1271 3771 1386 3831 Satires
1406 3769 1473 3830 edi-

287 3889 368 3952 disse
394 3907 492 3969 eaque
520 3892 658 3952 carmina
686 3891 878 3969 antiquitatis
908 3893 1010 3971 rigore
1038 3890 1242 3970 sordibusque
1275 3892 1422 3953 abstersis
1444 3897 1477 3950 et

287 4011 500 4074 emendatiora
525 4021 557 4074 et
582 4014 772 4093 elegantiora
794 4013 927 4074 edidisse
947 4012 1082 4074 videtur.
1110 4013 1169 4074 cir.
1192 4012 1356 4077 Weiobert
1374 4013 1474 4076 Poett.

287 4138 366 4195 Lati.
383 4155 414 4214 p.
430 4134 497 4195 566.
514 4143 546 4195 et
558 4134 754 4216 Porphyrion
768 4135 808 4198 ad
823 4135 928 4196 Horat.
949 4153 982 4213 p.
997 4135 1064 4195 boi.
1080 4135 1136 4197 Ed.
1151 4137 1242 4198 Basii.
1275 4135 1337 4196 Sed
1351 4135 1475 4197 omnino

288 4258 386 4338 pluris
401 4258 694 4318 Commentariorum
713 4259 747 4316 ia
766 4255 919 4317 laedium
935 4257 1096 4336 scriptores
1106 4258 1266 4320 exstitisse
1285 4258 1348 4318 iam
1362 4256 1478 4319 Gallius

288 4382 324 4444 n.
339 4382 375 4443 A.
402 4380 557 4452 11.at.a;
582 4385 783 4454 auctorest,
805 4378 894 4442 cuius
918 4379 996 4443 baec
1018 4381 1115 4445 verba
1139 4381 1322 4444 laudantur:
1352 4381 1386 4440 in
1415 4395 1477 4458 quo
