3250 5136
266 357 315 412 ιιι
647 356 678 414 c.
697 339 834 413 nucrnir
859 351 1072 422 nunruurau-

270 504 316 565 tu.
777 501 891 563 Sancta
916 499 1043 580 Serapis

347 618 406 680 lsis
427 622 459 679 et
479 618 694 698 Harpocrates
718 615 816 698 digitu
837 615 891 697 qui
906 615 1072 698 significat
1094 619 1132 675 st.

270 735 319 795 so.
346 735 386 796 nt
405 751 554 813 magnum
576 731 666 804 fecit,
690 707 778 814 'quon
798 731 903 792 vernn
925 731 1047 792 urceos
1069 728 1190 790 catinis

347 847 483 908 Miscuit.

274 963 322 1025 21.
351 962 482 1045 Conque
503 960 713 1024 tabernalum.

273 1077 322 1138 Ἠ.
351 1076 525 1139 tutantibus
546 1075 662 1156 parvis.

274 1190 323 1250 23.
351 1190 475 1253 Mortua
496 1191 522 1252 si
542 1189 646 1264 dicas,
667 1189 874 1270 iampridem
896 1193 1038 1252 emortua
1058 1186 1161 1251 malis.

276 1305 325 1366 at.
433 1304 649 1387 Camaraequo
670 1303 800 1368 caminis

353 1421 401 1481 Ex
425 1419 574 1482 cratibus.

280 1563 470 1575 Ἢ

282 1646 338 1692 ante
368 1648 492 1696 Horatium
519 1647 623 1697 Lucilius
650 1647 739 1698 dicitur
767 1651 854 1700 acutat
885 1649 1047 1699 communium
1066 1642 1225 1710 syllabarum)
1247 1657 1305 1694 cum·
1325 1645 1459 1706 surreptam
1519 1629 1522 1636 ¹

283 1733 397 1794 carpsisse
414 1737 483 1786 Auct.
503 1739 568 1788 com.
581 1739 655 1799 cruq.
674 1751 699 1799 p.
713 1739 771 1791 uui.
789 1739 855 1801 quod
885 1739 991 1788 vocalem
1004 1739 1065 1786 duae
1076 1736 1234 1786 consonantss
1245 1733 1388 1795 sequuntur,
1401 1745 1463 1794 qua·

282 1820 302 1868 si
325 1834 410 1871 rerum
436 1837 488 1873 esse
514 1826 653 1887 sulcamus,
683 1827 755 1876 rerba
784 1841 856 1891 supra
887 1840 942 1876 rum
967 1828 1034 1889 prior
1057 1826 1095 1874 est
1115 1838 1127 1872 a
1149 1825 1244 1886 littera,
1270 1835 1332 1884 quac
1356 1821 1463 1882 syllabae

282 1909 380 1960 laudata
397 1925 428 1960 ex
445 1914 534 1961 Lucilio
551 1914 635 1962 bausta
653 1927 705 1964 esse
722 1916 750 1964 nt
765 1916 856 1977 proba·
888 1893 982 1964 ratione
999 1913 1150 1975 communis,
1175 1911 1241 1960 velut
1266 1911 1350 1960 sibilus
1373 1910 1462 1971 posita,

283 1997 350 2060 bilc3
370 2000 395 2047 et
406 1999 474 2050 tacite
485 2003 522 2051 est
538 2003 569 2052 ad
585 2002 780 2066 intelligendum,
799 2005 858 2053 bacc
878 2005 938 2054 'mm
960 2004 1112 2052 consonantis
1136 2001 1225 2051 amittit
1241 2025 1276 2037 -
1292 2001 1326 2048 Ut
1342 1999 1380 2046 est
1399 1997 1465 2058 apud

284 2085 357 2134 rerba
374 2087 421 2135 iam
439 2089 488 2137 tere
513 2090 540 2138 in
561 2092 682 2153 proverbii
702 2093 751 2140 rim
772 2074 858 2142 abisse.
890 2092 1044 2141 Lucilium’':
1064 2092 1107 2140 sect
1126 2093 1184 2139 haec
1201 2078 1275 2139 'rerba
1290 2086 1354 2149 apud
1371 2089 1464 2134 Lucre·

322 2175 361 2225 l9.
380 2177 442 2224 [laet
459 2177 523 2239 apud
540 2180 671 2228 Varronem
688 2181 716 2228 l..
728 2182 758 2229 V.
777 2195 803 2242 p.
816 2181 858 2232 22.
890 2181 951 2228 tium
968 2180 1081 2241 leguntur
1098 2182 1118 2227 1.
1133 2179 1192 2230 ¹87.
1211 2180 1270 2227 Nam
1281 2177 1368 2225 tierent
1385 2175 1466 2224 subito

286 2261 330 2310 lici.
345 2263 395 2316 ott.
418 2264 450 2314 ita
468 2267 556 2328 scripta
567 2269 640 2316 sunt:
660 2269 711 2330 „lli
729 2269 768 2317 ‹lci
784 2269 858 2331 idem,
891 2269 989 2317 iuvenes
1007 2282 1037 2316 ex
1058 2267 1185 2316 infantibu'
1207 2266 1295 2328 parvis.
1319 2277 1393 2326 qttare
1409 2263 1466 2312 ride

236 2397 239 2416 ,
287 2351 328 2410 qui
346 2353 446 2414 Aegypti
465 2356 558 2416 Serapis
578 2358 603 2404 et
627 2349 694 2418 lais,
711 2359 757 2406 etsi
774 2354 860 2419 Arpo-
891 2369 922 2405 ne
936 2337 1043 2404 *Lucretii
1054 2355 1230 2404 emendandum
1242 2355 1288 2415 sit,
1307 2352 1372 2414 quod
1390 2354 1467 2400 licus·

288 2439 365 2488 mates
387 2440 461 2501 digitu
487 2441 603 2503 significat
627 2445 656 2492 ut
681 2444 760 2492 taccaa
781 2445 860 2495 eam.”
893 2443 947 2493 dius
966 2445 1046 2505 negat.
1065 2443 1108 2492 secl
1131 2445 1196 2492 rectu
1213 2442 1338 2491 Lucretius
1354 2440 1467 2489 laudatur

289 2524 352 2574 llaec
369 2529 473 2591 Scaliger
491 2531 584 2580 urendo
601 2533 626 2580 ct
646 2531 748 2581 secando
764 2533 790 2581 in
807 2543 863 2582 ver·
894 2533 979 2582 eodem
999 2533 1108 2594 exemplo
1125 2531 1262 2592 adscripto,
1285 2544 1300 2578 a
1317 2531 1349 2578 ll.
1369 2528 1467 2578 Claudio

288 2627 341 2662 sum
359 2617 469 2680 inclusit,
495 2622 653 2683 experturus,
677 2621 763 2681 medo,
781 2635 861 2684 quan-
893 2621 1018 2670 sacerdote
1037 2619 1066 2684 ἕ.
1079 2621 1122 2669 ua.
1140 2619 1228 2668 llnecd.
1248 2623 1329 2668 Graiu.
1348 2617 1392 2668 uu.
1405 2617 1469 2666 Enu-

289 2706 341 2752 tum
363 2704 409 2754 sibi
426 2709 574 2758 auctoritatis
591 2710 656 2771 apud
673 2710 782 2759 homines
801 2710 861 2759 (loc-
893 2709 968 2758 ltcber
986 2723 1009 2771 p.
1023 2709 1065 2758 26.

272 2793 327 2841 ‘tus
345 2796 417 2845 esset.
930 2797 972 2848 iu.
997 2797 1080 2846 Barth.
1108 2796 1207 2848 advers.
1232 2797 1330 2844 llxxll.
1357 2796 1382 2845 l.
1416 2796 1470 2857 „tu

326 2880 367 2934 20.
390 2883 432 2931 Est
454 2898 538 2934 versus
562 2887 654 2935 lloratii
677 2887 703 2935 S.
729 2889 749 2936 l.
773 2889 802 2937 x.
821 2887 864 2938 20,
895 2898 941 2934 ms.
956 2885 1130 2934 Commentario
1148 2883 1250 2944 isidori,
1269 2883 1471 2945 quiuiffcrmtic-

291 2969 333 3031 qut
350 2969 471 3032 quomodo
489 2973 553 3022 inter
570 2974 655 3022 Lucilli
678 2986 762 3022 versus
779 2973 865 3022 reterri
897 2986 952 3022 rum
969 2974 994 3021 in
1011 2974 1155 3022 membranis
1171 2972 1323 3034 inscribitur,
1347 2971 1406 3033 quid
1426 2971 1472 3020 sibi

291 3057 399 3118 potuerit
415 3061 457 3106 vix
474 3061 622 3123 assequaris,
641 3061 865 3111 nisilul.Rutinia-
896 3061 976 3111 velit:
1007 3062 1128 3110 llurtuum
1156 3073 1258 3123 corpus,
1276 3061 1336 3108 'iam
1362 3060 1473 3108 exanima

291 3157 337 3192 nus
367 3147 395 3194 dc
422 3146 506 3194 acbcm.
538 3149 607 3197 ulan.
645 3149 864 3213 „Erutbenismos
898 3152 1048 3212 emortuum,
1061 3151 1133 3200 morti
1145 3151 1283 3212 proximum
1293 3149 1473 3197 Lucretiusr-
1550 3133 1554 3148 “

292 3234 367 3293 figura
383 3233 443 3282 hacc
460 3235 502 3296 ut,
528 3249 582 3283 cum
604 3249 655 3285 rcm
675 3238 777 3299 aliquam
795 3240 866 3288 exte»
898 3241 950 3289 tuto
967 3221 1077 3288 Lucretio
1094 3240 1129 3288 nil
1148 3239 1196 3288 tale
1213 3235 1305 3297 emtat,
1327 3236 1419 3297 Nescio,
1440 3247 1472 3285 an

292 3330 395 3371 nuamus
411 3324 437 3372 ct
454 3325 616 3386 contemptum
628 3324 742 3374 iaciemus
758 3327 787 3376 ut
803 3326 868 3388 apud
898 3327 931 3376 sit
947 3328 1095 3377 Lucilianum
1113 3325 1203 3389 aliquid
1219 3323 1288 3373 isthic
1303 3323 1472 3384 corruptum.”

292 3413 429 3460 Lucilium:
457 3413 491 3462 At
514 3425 630 3477 mupaum
654 3413 733 3476 [θάμ’
758 3415 866 3464 dixisset.
900 3415 973 3464 mutia
992 3429 1037 3477 pro
1056 3417 1127 3466 molis
1144 3416 1174 3464 ci.
1194 3415 1258 3464 Gerl.

293 3501 380 3564 quodsi
397 3501 461 3552 enim
480 3503 560 3552 omnia
584 3504 636 3552 loca
654 3505 717 3552 inter
736 3504 868 3564 fragmenta
936 3505 977 3552 tt.
992 3505 1082 3553 charis.
1096 3504 1156 3556 last.
1171 3505 1214 3552 (tr.
1226 3505 1247 3552 l.
1259 3516 1286 3564 p.
1300 3501 1341 3553 ἰεῦ,
1353 3501 1381 3548 Ρ.
1393 3515 1420 3562 p.
1432 3502 1473 3553 52.

293 3589 430 3651 reponenda
448 3591 519 3652 sunt,
538 3592 580 3639 ubi
597 3593 682 3641 Lucilii
697 3592 788 3641 mentio
806 3591 868 3642 tacta
899 3594 927 3642 l..
946 3591 1093 3646 amonium
1110 3591 1170 3639 cod.
1196 3595 1302 3640 camora
1318 3589 1432 3639 dicuntm
1448 3593 1476 3640 ut

293 3677 343 3740 eat,
362 3679 402 3727 vix
421 3679 534 3741 babebis,
551 3681 593 3728 ubi
611 3680 712 3730 desinas.
900 3683 998 3730 Verrius
1016 3682 1112 3729 Flaccus
1129 3679 1242 3740 affirmat,
1264 3691 1313 3727 non
1325 3691 1418 3728 camera
1433 3691 1478 3741 per

329 3767 372 3815 tt.
391 3769 533 3818 consentius
550 3769 581 3817 cle
598 3768 666 3819 barb.
678 3769 703 3816 et
719 3769 868 3830 metaplasm.
901 3781 924 3818 e.
943 3768 1120 3819 seuLucretius
1136 3768 1183 3818 etr.
1204 3768 1283 3816 cram.
1304 3769 1396 3816 comm.
1414 3768 1475 3818 vett.

294 3870 320 3917 p.
334 3856 378 3905 50.
396 3857 441 3909 lt,
461 3871 508 3918 quo
531 3857 619 3905 Lucius
640 3857 667 3905 in
685 3857 763 3906 metro
784 3857 869 3906 crebro
901 3858 927 3906 in
950 3859 1023 3906 turen
1055 3869 1080 3917 p.
1103 3855 1164 3905 809.
1196 3856 1333 3918 ‚,Lucretii
1355 3867 1407 3906 asse
1430 3867 1475 3904 nc-

294 3945 381 3996 utitur.
394 3946 502 3993 Buttm.”
521 3945 637 3995 Lucilbam
649 3944 733 4007 procul
745 3942 817 3994 dubie
829 3947 869 3994 in·
902 3947 993 4008 queunt
1019 3970 1050 3984 —-
1076 3958 1106 3993 an
1131 3945 1205 4005 igitur
1230 3944 1349 3994 Lucilium
1375 3943 1475 3994 voluit'·

295 4035 381 4096 telligit
402 4033 544 4084 consentius
570 4036 596 4084 ct
622 4035 658 4084 est
683 4046 773 4083 nurum
799 4034 869 4083 buius
903 4034 966 4098 apud
985 4034 1074 4082 Bcclam
1092 4035 1123 4083 de
1142 4034 1211 4082 Orth.
1231 4045 1257 4094 p.
1276 4030 1353 4081 2⁷⁷9.
1381 4032 1477 4081 mineris

296 4125 385 4185 tinurae
403 4123 548 4185 exemplum.
903 4136 934 4171 cx
957 4121 1067 4172 teretibus
1090 4124 1211 4183 corrupte.
1236 4121 1281 4169 cir.
1309 4121 1390 4171 Barth.
1418 4118 1477 4170 tur.

330 4214 371 4264 22,
389 4213 518 4261 Diomedes
534 4223 573 4272 ap.
592 4212 662 4260 Lind.
675 4213 767 4274 Corpus
784 4215 866 4260 Gram.
904 4225 928 4272 p.
945 4210 1021 4259 tusa.

297 4305 325 4353 ll.
347 4317 372 4364 p.
390 4303 449 4354 tit.
477 4302 605 4363 „quartus
628 4302 673 4352 est.
696 4295 757 4365 (scil.
781 4299 867 4348 modus
