3250 5136
275 408 327 468 1⁰8
656 405 889 464 TESTIMONIA
908 403 1089 462 vu'ruttutl

353 563 402 626 nl,
432 553 614 616 Parturiunt
641 558 783 623 montes,
814 556 963 612 nascetur
990 548 1145 612 ridiculus
1172 567 1252 610 mus.
1283 550 1466 628 aratiosorar

353 670 434 728 anim
454 676 524 728 stant
549 669 601 727 isti
623 683 727 728 uersus
748 665 923 726 secuudum
948 665 1117 726 Lucilium.

299 784 329 843 7.
356 781 418 842 Cic.
440 783 474 842 in
495 782 592 842 Bruto
612 799 639 842 c.
654 780 703 840 la.
721 779 786 840 tito.
806 781 841 840 de
862 781 896 840 L.
914 779 1024 842 Crasso
1045 781 1188 858 loquens:
1209 778 1328 840 Multae
1350 779 1467 842 deinde

355 913 488 968 causae,
510 895 569 958 sed
588 894 634 956 ila
656 893 771 956 tacitus
791 893 1000 967 Tribunatus,
1026 893 1065 956 ut'
1081 890 1142 955 nisi
1167 891 1199 960 in
1221 911 1260 953 eo
1280 892 1467 974 magistratu

356 1009 557 1072 coenavisset
578 1008 665 1090 apud
684 1008 880 1070 Praeconem
903 1007 1073 1081 Granium,
1094 1007 1192 1087 idque
1212 1007 1306 1074 nobis
1322 1007 1373 1070 bis
1394 1025 1468 1072 nar-

354 1125 490 1188 ravisset
508 1121 673 1197 Lucilius,
700 1122 875 1184 Tribunum
895 1122 1002 1184 Plebis
1025 1121 1222 1190 nesciremus
1241 1121 1352 1186 luisse.
1388 1123 1467 1187 Nam

353 1238 394 1300 de
417 1238 533 1300 Granio
553 1237 653 1301 multa
675 1236 830 1302 Lucilius.
852 1236 908 1299 clr.
930 1238 1016 1300 Brut.
1038 1236 1088 1300 bb.

298 1351 330 1415 8.
355 1353 567 1430 Quintilianus
591 1352 644 1413 lib.
666 1352 702 1423 t,
726 1371 752 1413 o.
774 1351 804 1412 5.
828 1351 877 1412 55.
913 1351 990 1414 inst.
1013 1351 1106 1413 Orat.¹
1125 1351 1230 1414 Taceo
1252 1353 1292 1414 de
1317 1355 1420 1416 turon
1439 1363 1466 1416 el

352 1466 475 1528 Sabinis
488 1475 517 1526 at
534 1467 744 1528 Praenestinis
757 1484 892 1546 quocum
916 1482 989 1527 nam
1009 1475 1043 1529 ut
1062 1485 1165 1528 aarum
1179 1484 1315 1530 sermone
1334 1475 1465 1530 nlenten

359 1581 496 1644 Vectium
517 1581 656 1642 Lucilius
676 1581 842 1640 insectatur
861 1587 921 1643 etc.

301 1694 331 1756 9.
359 1695 582 1757 Commentator
594 1703 678 1756 nctus
691 1696 815 1756 Horatii
830 1696 883 1758 lib.
899 1697 946 1757 ΙΙ.
963 1696 1027 1758 Sat.
1045 1697 1071 1756 l.
1087 1713 1132 1760 os.
1147 1697 1196 1760 28.
1210 1715 1297 1777 aaa:
1315 1731 1345 1744 ·-
1356 1715 1402 1760 rne
1411 1715 1466 1776 pc-

352 1809 442 1870 clibus
461 1810 587 1871 delectat
599 1810 740 1872 claudere
759 1811 851 1872 verba
866 1811 968 1872 Lucili
988 1811 1051 1872 ritu
1070 1819 1207 1872 nostrum
1227 1812 1363 1873 melioris
1381 1819 1467 1873 utro-

353 1940 420 2003 que.
446 1924 503 1986 Ille
516 1925 598 1984 velut
616 1923 688 2002 (iilis
709 1943 826 1986 arcana
845 1924 1002 1988 sodalibus
1022 1926 1095 1986 olins
1110 1924 1255 1988 Credebat
1275 1926 1373 1988 libris.
1395 1926 1467 1990 Hoc

353 2037 496 2102 Lucilius
518 2057 558 2100 ex
577 2040 777 2102 Anacreonte
804 2039 900 2101 traxit
926 2044 957 2102 et
976 2039 1097 2102 Alcaeo
1121 2040 1315 2123 Seppbaque
1336 2042 1466 2104 Graecis

353 2153 494 2236 Lyricis,
523 2171 604 2234 quos
627 2152 671 2214 ait
692 2152 898 2216 Aristoxenes
926 2153 1016 2216 libris
1042 2153 1179 2236 propriis
1200 2155 1374 2232 amicorum
1393 2155 1467 2218 loco

352 2285 430 2330 usos
449 2266 559 2330 fuisse.
590 2267 712 2330 Dicitur
738 2267 823 2330 euim
843 2267 985 2330 Lucilius
1011 2270 1105 2328 vitans
1131 2286 1219 2332 suam
1245 2272 1417 2349 scripsisse,
1438 2279 1467 2334 ct

353 2382 496 2444 nonsibi
516 2384 695 2462 pepercisse.

283 2497 330 2559 10.
356 2497 508 2578 Porphyr.
530 2498 564 2558 in
584 2498 661 2558 Hor.
688 2495 741 2560 lib.
758 2497 803 2557 ΙΙ.
826 2496 891 2557 Sat
906 2495 935 2555 ὅ.
961 2511 1039 2555 aera.
1054 2495 1124 2557 bb:
1156 2497 1297 2557 Primum
1316 2515 1388 2559 nam
1411 2501 1462 2560 in-

352 2615 490 2693 quiram,
522 2613 596 2694 quial
622 2614 662 2674 sit
688 2612 802 2691 furere.
836 2585 1080 2692 Ostendit'quid
1108 2608 1149 2671 sit
1175 2609 1280 2685 luror,
1309 2618 1345 2675 ut
1370 2613 1464 2677 Luci-

354 2727 416 2790 lius
419 2771 540 2790 ......
550 2721 555 2730 “

278 2843 326 2905 11.
352 2843 466 2904 Donat.
493 2842 527 2902 in
554 2841 684 2920 Adelph.
709 2842 777 2902 Tar.
798 2839 865 2902 Act.
890 2837 945 2900 111.
971 2839 1022 2901 Sc.
1039 2839 1068 2902 1.
1097 2839 1138 2900 ad
1164 2841 1243 2902 illa.-
1268 2825 1301 2901 1Ε
1330 2860 1361 2904 re
1390 2852 1465 2905 nata

201 2935 203 2938 ⁵
351 2957 460 3018 melius
488 2954 558 3033 (ieri
584 2955 668 3014 baud
690 2955 800 3033 potuit.
833 2953 885 3014 Sic
916 2953 1045 3036 proprie
1067 2953 1202 3017 dicimus
1224 2956 1264 3017 de
1293 2956 1349 3032 iis,
1380 2977 1465 3040 quae

353 3074 464 3132 eontra
486 3066 680 3130 voluntatem
701 3071 842 3128 nostram
870 3068 1074 3131 acciderunt:
1103 3076 1138 3132 ut
1162 3090 1247 3134 nunc
1269 3072 1379 3136 vitium
1401 3071 1465 3134 rir-

353 3181 448 3264 ginis.
491 3183 575 3265 Ergo
609 3201 626 3242 e
659 3200 695 3243 re
727 3187 818 3255 nata,
853 3201 893 3243 ex
928 3183 1002 3244 vitio
1035 3183 1175 3267 virginis.
1218 3186 1269 3248 Sic
1301 3185 1462 3261 Lucilius,

353 3317 412 3379 p...
435 3297 482 3359 i...
501 3298 548 3359 i...

217 3499 221 3506 ’
279 3499 432 3562 Ciceronis
458 3517 495 3560 ea
523 3497 576 3560 lib.
596 3498 624 3558 t.
646 3517 671 3558 c.
694 3497 739 3559 16.
764 3499 790 3574 S.
811 3498 859 3558 72.
889 3499 925 3560 cle
945 3498 1071 3560 Oratore
1092 3515 1275 3577 capersana
1297 3499 1332 3558 L.
1356 3499 1464 3560 Crassi

712 3613 753 3674 ad
778 3613 820 3673 Μ.
844 3613 1029 3675 Scaevolam.

276 3759 324 3823 12.
352 3758 416 3820 Sed
436 3766 470 3820 ut
493 3759 620 3821 solebat
640 3758 674 3820 C.
697 3759 850 3821 Luornrus
871 3777 969 3841 saepe
994 3758 1120 3831 dicere,
1142 3759 1238 3821 bomo
1259 3759 1317 3822 tibi
1341 3759 1464 3824 subira-

350 3879 419 3946 tus,
447 3873 523 3937 mibi
551 3879 683 3954 propter
710 3892 780 3935 eam
808 3873 912 3955 ipsam
941 3893 1069 3938 causam
1093 3874 1196 3936 minus
1217 3895 1312 3958 quam
1336 3874 1465 3940 volebat

350 3986 536 4062 familiaris3
566 3989 624 4050 sed
643 3996 752 4052 tamen
780 3995 812 4051 et
832 3990 946 4052 doetus
969 3994 1000 4050 st
1019 3983 1240 4070 perurbanus3
1271 3991 1318 4053 sic
1348 3988 1461 4062 sentio,

351 4101 512 4165 neminem
534 4103 658 4166 esseio
681 4103 850 4168 Oratorum
875 4122 1007 4166 numero
1033 4103 1235 4178 babendum,
1265 4105 1319 4187 qui
1340 4122 1403 4166 non
1424 4103 1466 4165 sit

351 4218 500 4282 omnibus
521 4215 560 4279 iis
583 4218 724 4294 artibus,
757 4237 842 4301 quae
866 4223 940 4280 suut
966 4219 1068 4284 libera
1090 4220 1220 4284 homine
1240 4220 1372 4301 dignae,
1405 4237 1463 4281 cx-

352 4333 483 4413 politus.
