3290 5130
289 446 384 488 crum
661 427 712 484 be
731 426 929 486 oea'rtortrt
947 427 1097 486 Lucltlt.

288 576 400 654 passim
422 583 610 646 occorruot3
631 581 736 636 emen
756 577 873 636 nullam
891 581 1009 636 certam
1029 576 1131 654 legem
1151 576 1211 640 bac
1231 577 1263 636 io
1283 595 1319 638 re
1339 579 1485 658 antiquos

287 716 355 761 csse
374 707 515 771 secutos,
537 698 587 758 vel
607 714 687 776 quae
707 713 802 778 supra
824 697 982 758 attulimus
1002 699 1144 778 exempla
1165 699 1241 760 satis
1254 701 1480 764 demonstranti

284 824 345 885 Sed
373 830 527 901 utsupra
556 821 696 901 duplices
724 819 839 882 formas
868 820 1008 882 eiusdem
1035 819 1180 883 vocabuli
1211 821 1345 884 vidimus
1363 830 1396 884 et
1415 831 1480 884 tam

287 963 451 1024 coapcrroo
470 961 562 1024 quam
582 959 791 1022 congerrones
804 942 866 1004 dici
886 959 976 1021 posse
996 943 1176 1016 statuimus,
1197 944 1281 1022 quod
1301 963 1339 1006 eo
1358 945 1482 1008 lucilius

284 1067 354 1128 lieri
371 1084 462 1146 posse
480 1066 657 1139 videbatur,
679 1065 763 1144 quod
782 1083 888 1144 perros
911 1075 944 1128 et
963 1083 1051 1144 perro
1071 1065 1196 1127 dicitur.
1225 1065 1285 1127 eir.
1306 1068 1389 1128 Fest.
1402 1086 1430 1130 s.
1447 1087 1478 1129 v.

281 1189 528 1274 ita-vocabulum
540 1190 666 1267 pomino,
680 1189 796 1267 poeria,
810 1207 902 1266 pomo
916 1187 1018 1258 dicta3
1034 1204 1118 1266 qnae
1128 1189 1295 1250 vadentes
1306 1189 1478 1250 lectionum

285 1312 463 1374 laudantur.
504 1313 542 1372 Et
563 1312 671 1371 Festus
693 1309 819 1388 quidem
841 1311 1008 1390 inplentes,
1036 1312 1247 1390 inpluvioana,
1271 1313 1367 1390 plato,
1391 1313 1475 1392 polo,

283 1438 407 1516 pontio,
429 1442 549 1514 pottoe,
570 1441 673 1511 patto,
696 1441 872 1512 pectorosos
892 1440 924 1496 et
946 1434 1102 1512 perpetio,
1127 1431 1207 1494 haec
1234 1435 1337 1494 omnia
1363 1452 1381 1496 a
1402 1437 1477 1516 polo

288 1553 458 1617 derivanda
486 1571 554 1616 esse
579 1555 703 1626 statuit,
728 1557 827 1636 magis
856 1556 950 1616 credo
981 1557 1213 1619 similitudinem
1243 1557 1479 1637 significationis

287 1697 381 1757 quam
402 1679 620 1758 etymologiam
638 1685 774 1740 secutus.
808 1679 935 1741 Rectius
953 1681 1061 1758 utique
1075 1680 1143 1740 ΟΜ.
1158 1682 1239 1742 test.
1254 1697 1285 1759 p.
1300 1681 1349 1742 tr.
1370 1684 1476 1762 potoria

285 1809 317 1862 ct
336 1808 441 1881 poetata
465 1801 503 1861 ad
525 1800 655 1862 verbum
672 1802 820 1882 capuam
839 1803 890 1864 vel
910 1801 1082 1870 obsoletum
1101 1821 1182 1882 poco
1200 1803 1316 1878 refert,
1337 1811 1370 1865 et
1389 1806 1476 1866 Doe*

287 1924 407 1985 derlein
432 1923 551 1984 Latein.
582 1927 655 2001 Syn.
677 1925 715 1984 V.
738 1943 770 2002 p.
787 1925 853 1985 rer.
888 1927 993 2004 pontio
1023 1941 1093 1986 cnm
1125 1927 1295 1987 vernaculo
1322 1925 1476 1987 vocabulo

293 2045 430 2106 Goomco
452 2045 620 2125 componit.
647 2044 723 2105 'Sed
741 2063 850 2106 verum
872 2046 985 2106 vidisse
1004 2048 1194 2125 Scaligerum
1211 2049 1401 2127 putaverim,
1425 2049 1482 2127 qui

284 2171 343 2229 hoc
362 2166 550 2230 vocabulum
565 2171 701 2232 Graecae
717 2166 843 2246 originis
858 2183 925 2226 osse
938 2166 1072 2239 indicat,
1094 2175 1126 2228 et
1144 2167 1379 2256 ydumyripog
1391 2155 1477 2232 com-

283 2297 390 2370 parat,
412 2290 496 2352 undo
510 2291 603 2350 etiam
617 2288 733 2368 duplex
754 2289 852 2349 forma
866 2290 981 2367 pamulae
995 2295 1027 2348 et
1044 2291 1165 2368 pumice
1181 2290 1273 2352 facilc
1288 2293 1473 2370 explicatur.

283 2413 379 2472 ldirae
405 2412 597 2473 formationis
623 2415 670 2473 est
697 2428 820 2490 quoque
840 2411 1026 2472 vocabulum
1045 2413 1196 2490 pellicco,
1224 2413 1308 2491 quod
1332 2415 1475 2476 eiusdem

282 2535 411 2614 originis
436 2553 507 2596 cum
537 2535 665 2596 calliolo
694 2550 778 2608 esse,
809 2535 871 2594 iam
899 2532 1117 2612 interpretatio
1146 2533 1236 2594 Pauli
1268 2533 1473 2610 demonstrat,

282 2677 306 2720 s.
323 2677 373 2720 vv..
397 2677 429 2738 p.
445 2658 484 2719 50
505 2665 537 2719 et
556 2677 587 2738 p.
603 2658 652 2719 98.
674 2659 729 2719 lid.
752 2629 822 2718 Oli.
843 2663 877 2718 ct
894 2657 926 2716 in
947 2655 1065 2716 adnott.
1086 2654 1195 2717 critica
1216 2675 1249 2718 n.
1265 2655 1332 2718 tot.

351 2785 395 2842 lix
407 2781 600 2842 variantibus
612 2780 799 2840 lectionibus
811 2779 844 2838 in
858 2779 1020 2840 Glossariis
1038 2778 1153 2840 Labbei
1171 2780 1475 2860 petiacoetpottttt

281 2923 373 2966 oncoe
386 2903 470 2983 quod
484 2903 644 2963 Vulcatius
663 2902 814 2980 pultiococ
829 2901 967 2962 correxit
979 2909 1012 2962 et
1031 2919 1070 2962 ex
1089 2901 1209 2963 Placidi
1228 2901 1336 2962 formis
1355 2920 1385 2980 p.
1401 2903 1470 2963 tot.

278 3025 453 3105 pnitliciolo
476 3024 539 3102 (ap.
561 3021 673 3082 Maium
696 3021 905 3100 Galliciciotc)
933 3023 1026 3088 facile
1050 3024 1193 3103 colligas,
1220 3023 1377 3103 propriam
1402 3023 1470 3084 ior-

280 3163 362 3206 mam
382 3146 509 3207 calliolo
530 3145 616 3205 vario
637 3143 728 3204 modo
747 3144 842 3205 luisse
862 3151 1054 3224 corruptum.
1097 3145 1235 3216 Primum
1253 3145 1383 3206 mutatio
1403 3165 1417 3205 o
1438 3151 1471 3205 et

279 3290 297 3350 p
318 3276 381 3330 tarn
402 3269 558 3347 frequens·
571 3275 632 3342 est,
654 3270 801 3329 ut'nemo
823 3270 855 3328 in
876 3269 1093 3331 ea'oilendeie
1113 3270 1229 3348 possit·
1260 3271 1339 3330 l’um
1360 3270 1469 3332 termi-

279 3394 366 3454 natio
384 3393 417 3455 in
436 3411 494 3454 coo
505 3410 570 3453 non
588 3391 688 3473 magis
701 3392 801 3454 aliena
816 3354 917 3470 quam
926 3391 959 3452 in
972 3391 1088 3471 festuca
1103 3397 1135 3454 et
1147 3409 1287 3466 verruca,
1302 3401 1468 3466 mastruca,

279 3517 363 3594 quod
383 3535 446 3578 non
466 3519 596 3578 multum
618 3517 743 3578 dillerrc
766 3533 782 3576 a
807 3515 1100 3578 terminationeoco
1127 3514 1219 3576 facile
1238 3522 1336 3594 patet.
1378 3514 1470 3592 Quod

278 3637 355 3697 mibi
376 3636 502 3716 quidem
523 3638 619 3697 multo
640 3637 834 3714 probabilius
854 3637 989 3711 videtur,
1012 3653 1104 3715 quam
1124 3637 1150 3698 si
1170 3637 1239 3714 quis
1258 3637 1471 3716 nescioquam

277 3758 530 3837 compositionem
546 3776 585 3818 cx
599 3758 715 3818 collem
736 3765 768 3818 et
787 3761 871 3823 iocus
891 3759 1005 3840 fingat,
1028 3759 1111 3838 quod
1130 3759 1191 3820 iam
1212 3761 1361 3821 translata
1375 3761 1471 3842 signi·-

276 3879 380 3940 licatio
401 3880 540 3959 corporis
559 3880 705 3954 humani,
733 3899 825 3960 qnam
854 3882 999 3943 Placidus
1028 3879 1123 3942 luisse
1148 3882 1272 3956 statuit,
1301 3883 1469 3963 prohibere
1572 3869 1579 3876 ”

277 4001 412 4064 videtur.
429 4005 596 4066 Praeterea
607 4004 927 4084 ecoctioolo‘primom
939 4003 1056 4064 Lucilio
1064 4003 1179 4065 dictum
1188 4023 1254 4069 esse
1265 4005 1399 4068 videtur.
1409 4007 1467 4066 cir.

276 4127 355 4187 Nou.
379 4126 526 4206 pidia.
550 4127 639 4187 cuius
658 4125 802 4188 vocabuli
823 4143 896 4187 usus
916 4143 954 4186 co
970 4100 1101 4188 fortasse
1121 4127 1271 4190 ridiculus
1291 4129 1366 4201 luit,
1386 4126 1471 4206 quod

276 4248 369 4310 facilc
398 4265 469 4309 cum
495 4249 668 4310 conolicolo
695 4249 798 4328 potuit
828 4247 988 4312 conlundi.
1029 4250 1128 4310 Etiam
1154 4251 1281 4314 carioso
1308 4267 1327 4312 a
1353 4249 1470 4314 Lucilio

274 4370 380 4433 lictum
395 4378 426 4433 et
442 4371 569 4452 proprie
584 4371 712 4445 dictum,
728 4370 812 4433 band
828 4370 923 4432 dubie
941 4387 958 4433 a
979 4370 1050 4454 κάρ
1063 4369 1157 4434 soem.
1173 4370 1307 4454 noiecpo,
1327 4372 1471 4436 similitor
