3250 5136
633 443 684 500 DE
705 441 865 502 Lucrino.

230 589 287 650 lllc
307 589 394 652 velut
411 587 484 650 lidie
506 607 622 650 arcana
642 588 806 652 sodalibus
828 589 904 652 olim

122 695 129 710 ’
229 703 387 766 Credebat
406 703 514 766 libris:
537 721 641 785 neque
662 705 792 766 simale
814 711 972 776 cesserat,
995 723 1135 786 unquam

228 820 407 880 Decurrens
428 816 510 890 alio,
536 837 641 900 neque
661 817 690 878 si
710 819 803 880 bene.
826 837 889 902 qno
910 819 960 892 lit,
983 826 1018 880 ut
1037 819 1156 893 omnis,
1271 829 1272 832 ’

229 933 340 995 Votiva
360 938 467 1015 pateat
486 932 582 995 veluti
604 933 762 1014 descripta
782 933 911 1006 tabella,

228 1047 299 1122 Vita
320 1049 415 1110 senis.
430 1081 463 1092 —
477 1081 511 1093 -
525 1080 560 1093 -

541 1217 579 1276 nt
596 1217 692 1294 paulo
709 1225 787 1294 post.
810 1217 857 1278 or.
880 1235 942 1296 eqq.

89 1429 92 1436 ,
152 1359 201 1419 29.
231 1391 265 1403 -
280 1391 314 1402 -
327 1390 362 1402 -
384 1357 477 1440 qnid,
500 1376 572 1418 cum
592 1363 640 1419 est
660 1357 812 1419 Lucrnrus
834 1377 930 1420 ansus

228 1473 348 1535 Primus
368 1473 401 1534 in
421 1472 506 1533 bunc
526 1471 631 1552 operis
653 1485 846 1553 componere
869 1473 1008 1534 carmina
1029 1491 1170 1545 morem;

226 1586 400 1649 Detrahere
419 1591 451 1647 et
469 1585 603 1667 pellem,
627 1585 745 1649 nitidus
766 1606 829 1669 qua
850 1585 985 1669 quisque
1004 1607 1062 1668 per
1079 1607 1136 1650 orn

229 1700 380 1773 Cederct,
403 1699 573 1762 introrsum
594 1700 719 1776 turpis‘t
743 1700 823 1759 Num
847 1699 992 1772 Laelius,
1014 1707 1069 1762 ant
1088 1701 1142 1782 qui

228 1813 326 1876 Duxit
343 1813 383 1875 ab
406 1830 560 1893 oppressa
579 1811 724 1874 meritum
745 1811 938 1903 ¹Cartbagine
958 1831 1092 1885 nomen,

227 1927 359 2009 Ingenio
378 1925 516 1990 offenei‘t
538 1933 592 1988 aut
613 1926 702 1988 laeso
726 1925 857 1989 doluere
877 1926 1024 2000 Metello,

225 2041 434 2124 Famosisque
454 2041 545 2122 Lupo
566 2046 717 2120 cooperto
737 2041 906 2104 versibus?
927 2044 1015 2125 atqui

227 2147 385 2218 Primores
405 2153 518 2237 populi
537 2154 670 2235 arripnit
688 2154 908 2237 populumque
929 2155 1089 2231 tributim3

228 2271 357 2362 Scilicet
375 2271 430 2332 uni
451 2288 573 2352 aequus
596 2269 701 2330 virtuti
721 2274 817 2353 etque
837 2269 1050 2334 eius'amicis.

229 2385 314 2462 Quin
333 2385 387 2446 nbi
408 2404 443 2446 se
463 2383 598 2464 evulgo
620 2390 650 2445 et
671 2403 787 2447 scaena
807 2385 841 2445 in
861 2392 984 2447 secreta
1004 2393 1165 2448 remorant

227 2500 333 2562 Virtus
354 2499 524 2581 Scipiadae
545 2505 577 2560 et
596 2499 680 2561 mitis
701 2499 856 2580 sapientia
877 2499 984 2572 Laeli,

226 2613 346 2697 Nuqari
366 2633 443 2678 cum¹
457 2613 514 2673 illo
535 2617 566 2672 et
586 2611 732 2672 discincti
752 2610 880 2683 ludere,
904 2611 1007 2672 donec

229 2729 470 2804 Decoqueretur
490 2725 580 2797 olus,
603 2723 700 2784 soliti.
722 2723 878 2809 quidquid
900 2742 971 2784 snm
991 2743 1069 2807 ego,
1091 2727 1234 2808 quamvis

228 2841 313 2903 Infra
333 2839 448 2902 bucml
469 2857 599 2901 censum
619 2838 866 2921 ingeniumque3
887 2844 993 2900 tamen
1013 2858 1063 2903 me

231 2955 310 3016 Cum
331 2954 453 3035 magnis
473 2953 590 3017 vixisse
611 2952 709 3015 invita
727 2952 878 3016 fatebitur
897 2971 999 3036 usque

228 3069 361 3132 invidio.
376 3103 409 3114 -
423 3102 458 3114 -
472 3101 520 3115 ..,

528 3230 652 3290 Persius
673 3230 783 3307 Sotqro
805 3229 832 3288 1.
853 3246 896 3288 vs.
914 3229 960 3287 tt.

153 3371 201 3432 30.
231 3406 265 3416 -
278 3405 312 3452 -γ
325 3405 360 3417 ·-
385 3372 486 3434 secuit
506 3371 657 3433 Lucrnrns
679 3369 810 3448 Urbem,

230 3487 292 3560 Tc,
315 3486 420 3568 Lupe,
439 3493 488 3557 te,
509 3485 605 3556 Muti,
629 3491 661 3544 et
678 3483 849 3566 genuinum
868 3484 962 3562 fregit
982 3484 1014 3543 in
1035 3482 1109 3546 iilis.

344 3653 531 3730 Quintiliani
551 3671 586 3713 cc
607 3653 660 3713 tib.
675 3654 715 3712 X.
741 3671 807 3731 cop.
826 3655 851 3712 l.
868 3651 917 3714 93.
932 3653 1008 3713 lust.
1025 3651 1147 3714 Orator.

153 3795 202 3855 31.
233 3791 334 3856 Satira
355 3793 484 3877 quidem
505 3801 569 3856 tota
589 3799 701 3857 nostra·
719 3799 783 3866 est,
807 3795 841 3856 in
862 3813 926 3877 qua
945 3793 1066 3875 primus
1086 3794 1243 3875 insignem
1271 3797 1341 3860 lau·

166 3909 171 3917 '
232 3908 304 3970 dem
340 3907 475 3989 adeptus
512 3907 663 3971 Lucrnrus
704 3908 861 3990 quosdam
895 3908 939 3970 ita
977 3906 1102 3970 deditos
1141 3909 1201 3972 sibi
1236 3910 1340 3973 adbuc

231 4023 330 4086 babet
363 4028 539 4094 amatores,
572 4029 604 4084 ut
635 4041 707 4084 eum
738 4040 802 4084 non
833 4021 977 4087 eiusdem
1007 4022 1104 4083 modo
1135 4026 1243 4105 operis
1267 4044 1343 4088 ano·

233 4138 373 4213 toribus,
404 4137 462 4200 sed
492 4136 640 4198 omnibus
667 4137 771 4219 poetis
800 4135 963 4218 praeferre
993 4154 1058 4198 non
1086 4136 1242 4199 dubitent.
1275 4137 1343 4220 Ego

231 4259 383 4334 quantum
403 4251 541 4324 abillis,
565 4258 684 4314 tantum
705 4252 745 4316 ab
760 4250 892 4313 Horatio
915 4248 1088 4324 dissentio,
1110 4252 1164 4334 qui
1184 4251 1344 4314 Lucrnrnnr

229 4368 329 4431 tlnere
349 4367 558 4438 lutulentum,
580 4372 612 4426 et
632 4382 702 4428 esse
722 4365 844 4448 aliquid
868 4363 955 4447 quod
977 4362 1090 4430 tollere
1111 4365 1214 4520 poesis
1236 4369 1343 4447 putat:

193 4491 270 4532 notin
283 4487 354 4542 ena.
