3242 5138
250 491 281 528 vr
658 467 707 525 DE
728 467 759 528 C.
774 468 912 526 LUCILII
931 469 1035 527 VITA.

255 619 379 699 excepti
400 635 462 678 non
482 623 603 691 666666,
633 633 673 678 66
701 617 832 695 amplius
851 623 1073 695 apponeretur,
1097 633 1189 694 quam
1218 620 1319 680 carnis
1340 619 1445 680 aridae

253 741 359 822 pondo
380 741 439 800 tria
459 745 491 801 et
510 739 764 801 salsamentorum
787 738 891 818 pondo
911 738 991 798 libra
1020 744 1050 798 et
1077 738 1159 816 qarod
1187 757 1225 800 ex
1251 747 1353 814 terra,
1384 741 1446 802 vite

255 863 407 924 arboreve
428 861 467 923 sit
484 861 623 922 natum.'’
662 861 749 938 Quae
764 861 890 938 quidem
910 861 961 922 lex
981 861 1007 921 si
1027 876 1044 919 a
1066 862 1100 920 F.
1117 861 1233 921 Licinio
1254 865 1293 924 Μ.
1308 865 1339 922 F.
1357 866 1391 923 Ρ.
1408 865 1444 924 Ν.

256 986 365 1045 Crasso
381 984 484 1045 Divite
504 983 680 1044 Lusitanico
703 983 832 1043 Consule
852 984 915 1042 lata
936 989 999 1056 est,
1027 999 1067 1044 ex
1091 982 1187 1042 Fastis
1207 983 1386 1061 Capitolinis
1407 984 1446 1045 ad

256 1121 370 1167 annum
396 1105 454 1169 666
480 1103 617 1183 pertinet
643 1105 696 1181 (ex
721 1103 844 1163 ratione
865 1103 1056 1164 varroniana
1084 1102 1123 1162 ad
1152 1119 1267 1163 annum
1291 1104 1359 1182 667)
1386 1123 1447 1182 quo

256 1246 337 1289 anno
366 1231 399 1288 L.
415 1227 557 1287 Valerius
582 1228 615 1286 6..
638 1225 660 1285 l.
683 1228 717 1286 L.
739 1243 771 1284 6.
794 1227 931 1298 Flaccus,
958 1227 996 1285 Μ.
1019 1225 1169 1285 Antonius
1193 1227 1226 1285 L.
1250 1224 1273 1284 l.
1296 1226 1446 1288 Censores

255 1350 403 1420 luerunt3
438 1348 490 1427 qui
518 1363 629 1408 censor
653 1362 681 1406 a.
704 1349 743 1408 Μ.
766 1346 904 1406 Duronio
931 1325 1035 1425 trspl.
1062 1345 1101 1406 de
1129 1346 1245 1407 ambitu
1274 1348 1447 1426 postulatus

256 1479 312 1534 est.
335 1471 393 1532 on.
416 1471 479 1531 urs.
502 1468 542 1530 ue
563 1469 618 1531 cr.
641 1469 680 1528 u.
703 1467 751 1529 es.
771 1467 837 1528 aru.
872 1469 899 1528 rs
927 1439 1014 1530 666
1034 1467 1117 1528 naua
1151 1467 1245 1530 eunte
1276 1475 1323 1530 ess
1351 1468 1443 1542 roem,

256 1609 347 1672 quem
369 1592 493 1653 Valerio
513 1590 648 1655 Maximo
678 1593 717 1652 ll.
732 1591 762 1652 9.
777 1591 807 1652 tl.
836 1597 934 1663 teste,
967 1592 1006 1652 tt.
1032 1591 1184 1652 Antonius
1207 1585 1294 1652 et'L.
1317 1578 1446 1652 Flaccus

257 1731 403 1776 censores
422 1719 533 1775 senatu
543 1721 725 1787 moverunt,
747 1712 831 1791 quod
849 1714 951 1793 legem
972 1711 1012 1772 de
1033 1711 1215 1774 coercendis
1235 1711 1446 1774 conviviorum

257 1833 409 1896 sumtibus
428 1833 523 1896 latam
542 1841 582 1895 tr.
604 1835 646 1914 pl.
668 1835 886 1914 abrogaverat.
929 1834 983 1895 llis
1003 1813 1087 1895 enim
1107 1834 1210 1896 verius
1232 1836 1319 1895 illum
1339 1851 1446 1914 sump-

258 1956 391 2018 tuariam
403 1957 506 2036 legem
519 1945 829 2035 impugnassetradit
840 1958 1000 2019 Valerius:
1024 1955 1130 2030 „freni
1143 1963 1215 2018 sunt
1227 1955 1334 2018 iniecti
1347 1955 1445 2029 vobis,

256 2077 411 2154 QuIrites,
432 2077 517 2138 nullo
530 2075 622 2138 modo
641 2077 863 2155 perpetiendi:
885 2077 1002 2156 alligati
1023 2084 1055 2138 et
1072 2079 1233 2140 constricti
1252 2079 1325 2140 estis
1341 2093 1447 2140 amaro

256 2200 381 2262 vinculo
401 2198 570 2261 servimus.
610 2200 674 2259 Lex
694 2197 777 2258 enim
797 2198 860 2258 lata
883 2207 947 2269 est,
979 2212 1059 2276 quae
1076 2213 1131 2259 vos
1153 2215 1220 2259 esse
1243 2199 1327 2277 frugi
1345 2199 1443 2260 iubet.

257 2320 450 2400 Abrogemus
478 2319 574 2398 igitur
598 2319 682 2380 istud
712 2317 860 2380 horridae
885 2319 1048 2381 vetustatIs
1066 2319 1209 2398 robigine
1229 2318 1362 2378 obsitum
1386 2319 1447 2380 im-

255 2442 389 2521 perium.
430 2440 551 2502 Etenim
580 2440 655 2519 quid
685 2457 762 2520 opus
790 2441 953 2514 libertate,
986 2442 1012 2502 si
1040 2440 1216 2501 volentibus
1243 2441 1319 2501 luxu
1341 2441 1446 2519 perIre

256 2579 320 2624 non
332 2559 437 2624 licet.''
470 2561 610 2639 Quorum
624 2560 750 2640 quidem
762 2561 931 2624 verborum
944 2563 991 2623 vis
1004 2559 1089 2623 haud
1103 2561 1197 2623 dubie
1212 2569 1280 2625 erut
1298 2564 1442 2636 maxima,

255 2683 343 2746 siud
364 2684 466 2764 legem
485 2683 578 2763 paulo
606 2690 678 2746 ante
702 2683 797 2745 latam
816 2685 1011 2763 spectabant.
1054 2685 1231 2764 Eademque
1256 2701 1348 2748 causa
1372 2685 1448 2746 satis

255 2803 426 2885 probabilm
454 2799 733 2868 animadversionis
763 2800 924 2867 censoriae
951 2804 1110 2890 hominem
1140 2777 1321 2870 dissolutum
1353 2807 1447 2869 facile

256 2927 416 3006 impellere
439 2926 556 3006 potuit,
584 2932 620 2988 ut
637 2927 739 3005 ipsum
760 2943 922 2988 censorem
944 2927 983 2988 de
1006 2929 1125 2988 ambitu
1145 2931 1300 2990 accusarit
1312 2949 1320 2999 ;
1347 2930 1390 2987 ita
1411 2935 1446 2989 66

257 3048 359 3110 omnia
380 3043 491 3111 eodem
514 3064 596 3110 anno
624 3053 711 3130 gesta
741 3065 808 3110 esse
829 3045 1006 3110 uldeautur.
1048 3049 1135 3126 Quae
1155 3050 1285 3110 sirecte
1303 3049 1445 3110 coniecta

258 3177 349 3244 sunt,
369 3171 504 3232 Lucilius
520 3176 612 3249 poeta
632 3187 695 3232 non
715 3171 806 3233 modo
827 3171 985 3232 consulem
1006 3173 1042 3234 P.
1063 3170 1214 3232 Licinium
1234 3170 1376 3232 Crassum
1403 3170 1449 3230 vi·

258 3290 350 3365 disse,
366 3291 423 3353 sed
437 3293 530 3354 etiam
543 3309 582 3354 eo
595 3299 736 3372 tempore
750 3294 887 3355 carmina
901 3294 1110 3373 composuisse
1122 3291 1316 3373 intelligitur,
1331 3293 1447 3372 quippe

259 3413 407 3493 quilegie
427 3415 540 3475 abillo
566 3415 649 3477 latae
668 3415 859 3476 mentionem
883 3416 1005 3477 lecerit.
1048 3415 1109 3477 Sed
1134 3432 1227 3493 quam
1251 3413 1343 3476 modo
1368 3413 1449 3474 dixi-

257 3553 326 3595 mus
345 3551 450 3598 rerum
470 3537 583 3600 seriem
603 3543 696 3617 atque
717 3537 998 3610 continuationem,
1020 3537 1130 3598 eudem
1143 3536 1211 3598 fere
1225 3542 1286 3610 est,
1307 3536 1448 3615 silegem

258 3655 343 3718 illam
363 3659 586 3738 sumptuariam
608 3675 626 3719 6
645 3658 682 3720 P.
704 3659 822 3720 Licinio
847 3664 993 3739 praetore
1013 3659 1130 3737 aliquot
1155 3658 1243 3720 anuis
1263 3657 1448 3719 antelatam

260 3795 328 3840 6666
348 3780 521 3842 statuimus.
541 3781 575 3842 id
593 3780 677 3859 quod
697 3798 734 3842 eo
748 3776 785 3841 fit
795 3779 1004 3860 probabilius,
1030 3780 1113 3859 quod
1126 3779 1319 3841 sammonico
1331 3781 1447 3842 Sereno
1483 3805 1486 3810 ¹

258 3908 402 3976 auctore,
426 3902 484 3964 cfr.
510 3902 645 3964 Maerob.
667 3903 791 3964 Saturn.
815 3904 853 3962 ll.
871 3903 919 3962 ld.
934 3920 967 3981 6.
982 3901 1050 3964 596.
1072 3902 1127 3963 lid.
1145 3903 1178 3962 Z.
1200 3908 1327 3981 praeter
1344 3902 1447 3982 legem

257 4023 404 4084 Fanniam
425 4023 593 4104 pleraeque
614 4024 693 4086 aliae
719 4024 806 4103 legas
828 4025 1039 4116 sumptuariae
1060 4033 1114 4084 aut
1139 4040 1155 4086 6
1176 4026 1373 4104 praetoribus
1393 4027 1447 4083 unt

257 4160 275 4206 6
301 4145 435 4208 tribunis
460 4151 589 4226 rogatae
619 4145 745 4208 luerint.
794 4147 859 4208 lam
889 4163 959 4208 cum
989 4147 1040 4208 lex
1066 4145 1180 4210 Orchia
1209 4165 1237 4209 a.
1262 4149 1295 4207 c.
1317 4143 1444 4217 Orchia,

257 4266 301 4344 pl.
316 4272 356 4328 tr.
370 4267 433 4328 lata
453 4269 509 4342 sit,
531 4269 585 4348 qui
604 4270 803 4349 magistratus
822 4268 934 4332 Didiae
949 4268 1028 4349 legis
1043 4270 1124 4331 lator
1143 4269 1252 4342 luerit,
1273 4268 1445 4346 ignoretur,

257 4387 350 4451 facile
371 4389 541 4452 credideris
560 4391 711 4454 Licinium
734 4391 818 4452 illam
837 4392 940 4471 legem
962 4397 1138 4471 praetorem
1164 4391 1280 4452 tulisse.
1322 4387 1449 4467 Pighius
