3290 5130
287 437 415 480 cmvm
658 416 709 474 bit
726 415 926 476 uuallon
947 413 1099 472 tumn.

284 568 472 645 permixtum
491 566 588 626 multa
608 581 689 626 nova
715 563 853 634 addidit,
883 561 1152 622 terminationibus
1171 577 1252 632 caus,
1274 560 1373 632 oriris,
1394 567 1475 633 otoo,

286 689 512 760 abilianae,
542 685 700 748 adhibitis.
729 686 902 764 eademque
927 685 1007 745 ratio
1027 691 1075 746 est
1096 681 1333 753 adverbiorum,
1361 680 1415 740 ubi
1442 688 1475 742 et

286 811 414 872 Graecis
432 809 593 871 vocabulis
614 809 738 870 latinas
757 807 990 869 terminationes
1008 805 1147 878 addidit,
1172 811 1205 866 et
1224 803 1325 882 prisca
1346 803 1474 864 retinuit

284 938 321 992 ut
338 934 456 1003 simitu,
476 931 560 993 etin
582 931 658 1010 ipsis
679 929 836 991 adverbiis
854 927 1025 988 formandis
1046 927 1211 1006 plurimum
1231 925 1292 988 sibi
1320 925 1469 1003 permisit.

285 1053 384 1114 Etiam
412 1053 444 1113 in
475 1053 688 1113 numeralibus
718 1067 818 1130 panca
849 1059 922 1112 sunt
953 1050 1095 1120 insolita;
1135 1049 1268 1127 primum
1303 1049 1376 1108 mile
1410 1065 1473 1108 nou

284 1176 377 1236 ruodo
396 1177 459 1236 vim
478 1174 663 1236 substantivi
683 1171 795 1247 babet,
817 1173 873 1234 sed
892 1173 985 1234 etiam
1007 1171 1155 1250 singulari
1175 1187 1304 1232 numero
1324 1169 1471 1242 flectitur,

284 1295 343 1357 cfr.
357 1295 437 1356 Gell.
453 1298 478 1356 l.
495 1296 543 1357 ld.
568 1297 651 1358 milli
668 1296 812 1375 passdat,
834 1295 916 1356 milli
930 1296 1088 1352 rammam
1107 1310 1179 1354 aaa.
1220 1292 1333 1352 Contra
1353 1309 1473 1354 scacera-

285 1427 348 1480 tuac
375 1426 407 1479 et
433 1420 594 1480 ducentium
614 1418 708 1478 etiam
731 1433 861 1478 numero
885 1417 1034 1494 singulari
1059 1415 1182 1494 posuit;
1209 1413 1305 1475 falsus
1324 1413 1407 1476 enim
1424 1421 1472 1474 est

282 1539 400 1602 Nonius
421 1558 453 1617 p.
468 1539 536 1600 556.
552 1539 583 1600 6.
603 1540 657 1618 qui
677 1557 714 1601 eo
730 1540 812 1612 loco,
837 1547 1007 1600 sexcentum
1026 1555 1084 1618 pro
1104 1545 1310 1598 ccaceutoram
1337 1537 1471 1615 positum

283 1679 352 1724 esse
371 1669 489 1722 censet.
509 1661 593 1740 quod
612 1668 648 1722 ut
668 1661 839 1724 concedam
859 1660 957 1723 altero
975 1661 1044 1720 loco
1064 1659 1133 1720 fieri
1152 1675 1260 1739 posse,
1280 1657 1335 1718 ubi
1354 1665 1471 1718 cautam

283 1799 320 1844 ac
334 1783 494 1846 ducentum
505 1784 662 1862 possideas
675 1785 703 1844 si
719 1784 853 1844 millium
868 1800 907 1842 ex
920 1769 1111 1844 Graecorum
1125 1780 1245 1842 ratione
1265 1780 1382 1842 dietum
1400 1796 1470 1840 esse

285 1903 440 1976 videatur,
463 1905 536 1981 quia
556 1906 641 1965 notio
661 1905 836 1983 partitionis
854 1905 946 1978 insit,
968 1905 1019 1966 vel
1039 1902 1225 1964 vocabulum
1244 1901 1328 1980 quod
1349 1906 1471 1979 partem

282 2024 454 2102 significet,
474 2025 621 2084 omissum
641 2023 697 2094 sit,
720 2025 818 2085 altero
836 2025 906 2084 loco
926 2024 994 2084 Lib.
1014 2026 1109 2086 XXX.
1132 2027 1179 2086 l8.
1199 2032 1370 2086 sexcentum
1392 2039 1471 2082 uon·
1496 2083 1499 2088 .

283 2145 341 2206 nisi
361 2163 418 2222 pro
440 2146 617 2206 accusativo
638 2143 817 2207 babendum
839 2152 896 2206 est.
937 2145 1030 2222 Quod
1049 2146 1175 2222 quidem
1194 2147 1220 2206 si
1244 2145 1338 2206 etiam
1366 2114 1470 2222 priore

282 2267 351 2326 loeo
370 2265 518 2339 admittis,
538 2266 666 2326 millium
687 2284 744 2344 pro
763 2263 901 2344 genitivo
920 2263 1100 2327 habendum
1120 2272 1152 2326 et
1171 2267 1331 2328 ducentum
1353 2273 1385 2328 et
1403 2285 1471 2328 aecc-

281 2395 398 2448 ceatam
422 2405 479 2464 pro
503 2385 696 2448 substantivo
719 2404 736 2447 a
758 2386 876 2452 ,Lucilio
903 2387 1037 2464 positum
1062 2385 1158 2446 fuisse
1183 2388 1384 2448 statuendum
1410 2395 1468 2451 est.

283 2507 375 2584 Quod
395 2514 430 2568 ut
447 2525 504 2587 pro
524 2514 611 2568 certo
625 2525 742 2587 ponere
756 2526 818 2571 nou
833 2508 947 2580 ausim,
970 2525 1032 2568 uon
1052 2514 1169 2569 temere
1183 2506 1388 2569 reiiciendum
1402 2527 1471 2574 esse

281 2635 369 2707 puto.
410 2628 470 2691 Sed
489 2629 642 2702 maximus
662 2637 694 2692 et
713 2630 887 2692 verborum.
901 2647 1067 2701 numerus,
1088 2645 1169 2708 quae
1188 2629 1239 2690 vel
1261 2631 1354 2709 plane
1375 2630 1470 2692 obso-

282 2751 344 2812 leta
373 2759 462 2824 sunt,
494 2753 544 2812 vel
563 2752 597 2812 in
617 2751 842 2831 significatione
868 2751 1124 2814 terminationeve
1149 2768 1167 2815 a
1194 2753 1471 2816 Grammaticorum

281 2872 397 2949 regulis
417 2871 598 2932 abhorrent.
619 2875 755 2946 claraus,
782 2879 877 2950 part,
906 2874 1033 2944 redivit,
1060 2875 1205 2944 iacilcas,
1231 2883 1341 2936 eantur
1367 2876 1470 2938 omnia

282 3008 423 3062 vorsum,
452 2993 593 3066 depavit,
619 2993 789 3052 auxiliatus
812 3010 830 3053 a
851 3010 911 3066 me,
940 2996 1081 3072 opaaais,
1103 2995 1274 3074 suffocatas,
1299 2995 1468 3074 serapiacae,

281 3111 425 3179 calvitur,
447 3111 630 3190 eaperpitua,
645 3112 795 3189 depastus,
815 3113 946 3192 sulpici,
966 3116 1117 3195 rtefoatic,
1135 3119 1218 3196 potia
1230 3124 1292 3192 est,
1311 3120 1468 3196 pallescat,

281 3229 414 3299 atteret,
446 3232 575 3302 measti,
607 3234 701 3292 crevit
728 3233 750 3294 i.
773 3251 801 3294 e.
831 3234 987 3311 docrevit,
1021 3237 1132 3316 fervit,
1165 3259 1334 3312 euasurus,
1364 3249 1466 3320 aptus,

280 3354 394 3431 apisci,
415 3362 552 3431 exaplos,
578 3362 710 3434 torpere,
730 3357 963 3435 depeculasscre,
984 3361 1238 3440 dearpeatoesere,
1257 3371 1389 3443 torpere,
1410 3381 1467 3422 ru·

281 3473 361 3544 dere,
383 3475 534 3548 cialitare,
554 3478 718 3555 quiritans,
738 3480 914 3558 protollere,
940 3492 1075 3560 porccat,
1104 3486 1206 3556 coicis,
1234 3486 1385 3557 larcbari,
1412 3488 1467 3548 de·

280 3598 437 3674 prumam,
469 3597 632 3672 ceduallae,
667 3602 856 3680 desquamor,
887 3607 1039 3683 pumicea,
1073 3609 1282 3685 maptnaarar,
1310 3609 1466 3682 molimur,

280 3717 488 3791 subducamur,
512 3719 654 3793 iuaucat,
675 3723 848 3799 producant
866 3724 887 3784 i.
904 3743 933 3788 e.
948 3726 1076 3800 tollunt,
1098 3732 1219 3800 mutire,
1234 3730 1468 3802 decolaaticare,

281 3839 434 3917 repedare,
467 3841 610 3912 recalato,
638 3843 749 3916 delere,
773 3863 931 3926 percrepu,
958 3853 1217 3923 cccrraucocsiat,
1245 3861 1466 3923 contentarum,

280 4082 415 4154 cluebat,
439 4088 608 4162 praeservat
642 4088 741 4162 labra,
772 4090 892 4161 delicit,
921 4092 1050 4163 deuraa,
1079 4112 1166 4165 ruere
1194 4104 1288 4176 atquc
1314 4098 1465 4175 collipere,

281 4203 427 4281 interficis
456 4205 477 4266 i.
504 4223 532 4268 e.
561 4210 716 4274 consumis
724 4230 734 4283 ς
767 4212 953 4289 perlabitur,
979 4216 1127 4280 lactantia
1154 4220 1226 4284 Coa.
1253 4221 1317 4284 sole
1344 4237 1465 4294 occaso,

278 4327 558 4403 commanducatur,
580 4333 687 4404 simut,
710 4335 813 4407 lcatet,
834 4340 1041 4400 commeatum.
1082 4332 1127 4400 'Er
1146 4341 1194 4402 bis
1207 4341 1391 4420 intelligitur
1405 4360 1467 4404 non
