3242 5138
351 411 412 474 'BE
431 411 674 486 SINGULORUM
692 412 887 474 nicaenum
908 413 1163 483 subeuntium.
1210 360 1213 372 ⁴
1296 437 1362 480 ama

167 562 300 626 imtasae
319 567 407 624 recte
427 561 607 633 coniectura
627 561 804 627 restitutum
824 568 872 624 est
891 564 1078 644 modumque.
1101 577 1363 646 versussoquen-

166 685 365 752 aia-initium:
387 685 450 776 Noa
465 685 550 746 Caeli
571 685 701 748 Numeri
720 702 760 745 ax
778 683 876 766 ipsius
891 683 1021 748 Charisii
1039 685 1144 748 verbis
1164 703 1182 747 a
1203 687 1360 768 scaligero

169 807 294 870 videtur
314 823 382 868 esse
402 807 594 881 coniectum,
616 805 749 870 fortasse
763 797 855 868 etiam
876 807 1014 887 faciendi
1024 829 1035 881 ,·
1055 806 1104 882 bis
1120 827 1161 870 cx
1179 810 1285 874 uerbis
1305 829 1361 872 no-

168 947 243 992 vum
273 930 326 992 ille
354 928 443 990 finxit
462 945 608 1004 versuma
637 945 726 1007 quae·
749 928 870 1004 omnia,
898 928 998 990 donec
1018 929 1133 998 deden
1161 933 1263 995 minus
1290 949 1360 994 cor-

168 1059 279 1132 ruptus
298 1053 348 1122 vel
371 1019 529 1126 mutilatus
551 1051 740 1126 inveniatur,
769 1059 841 1114 sunt
865 1050 1087 1118 incertissima),
1124 1053 1188 1115 lam
1215 1071 1295 1132 quae
1321 1065 1361 1118 aa
1422 1051 1424 1056 ’

166 1181 277 1254 quarto
297 1175 377 1236 libro
396 1173 585 1236 laudantur:
608 1175 670 1236 Pro
688 1175 744 1236 laec
771 1176 799 1236 ai
823 1173 912 1252 filias
931 1173 1031 1254 Larci'l
1047 1175 1166 1238 Faueria
1183 1183 1189 1248 l
1206 1177 1303 1242 solam
1326 1185 1361 1249 ut

155 1295 293 1360 ΙΙ(Ξονηεὶὲ
310 1295 514 1377 Cornificique
528 1295 682 1377 quomodo
703 1315 743 1360 ex
762 1295 926 1364 Schmidtii
945 1297 1124 1372 coniectura
1136 1298 1301 1378 leguntur,
1316 1301 1359 1368 ita

167 1419 290 1482 demum
309 1418 473 1494 emendata
493 1419 594 1488 videri
617 1417 752 1492 debent,
781 1419 807 1481 si
827 1425 914 1488 recte
936 1417 975 1480 ad
998 1419 1113 1490 librum
1136 1437 1252 1486 nouum
1269 1421 1359 1486 rete*

166 1547 289 1603 runtun
330 1542 375 1602 Ex
395 1539 585 1622 fragmentis,
598 1543 747 1604 lX-llil.
761 1542 954 1624 intelligitur
974 1549 1097 1623 paeana
1118 1562 1180 1608 non
1199 1545 1298 1611 solum
1319 1546 1359 1608 de

163 1663 280 1740 *littaris
305 1671 337 1726 ct
364 1663 498 1744 syllabis
518 1665 580 1754 sed
594 1665 687 1728 etiam
708 1665 748 1728 de
771 1663 939 1728 verborum
963 1666 1201 1748 significatione,
1224 1667 1264 1730 de
1284 1685 1361 1730 con-

163 1785 377 1871 iugationibus
407 1795 440 1850 et
472 1787 512 1876 ale
540 1788 763 1862 terminorum,-
795 1788 848 1866 qui
877 1785 1028 1850 technici*
1041 1787 1199 1863 dicuntur,
1233 1789 1360 1870 propria

164 1911 291 1974 notione
322 1917 355 1972 et
383 1909 643 1991 interpretatione
674 1909 859 1990 disputasse.
890 1909 978 1984 sed,
1011 1910 1044 1972 ni
1065 1909 1166 1998 sallon
1191 1927 1235 1972 aa
1265 1912 1359 1976 totins

164 2032 232 2098 loci
253 2039 301 2096 est
326 2010 422 2107 ratio,
450 2038 487 2093 ut
512 2037 604 2112 poma
624 2031 664 2096 ab
684 2025 868 2120 invidorum]
884 2031 1165 2094 obtrectationibus
1190 2049 1224 2096 se
1245 2033 1357 2096 dalens

163 2154 247 2218 disse
266 2139 420 2230 videatur,
452 2155 504 2234 qui
525 2155 607 2234 quod
626 2155 679 2216 illa
699 2155 812 2235 passim
835 2125 1020 2230 Homerum,
1033 2213 1036 2226 ,
1049 2135 1289 2222 anauniae
1304 2173 1358 2231 rc,-

162 2277 394 2358 brebendeaat,
416 2275 478 2338 hoc
499 2276 623 2338 ciritio
644 2276 811 2340 dederuut.
852 2278 954 2340 Facile
973 2278 1070 2360 igitur
1090 2277 1279 2352 credideris,
1298 2281 1359 2341 Lu·
1454 2317 1456 2328 ι

163 2399 269 2464 ollium
287 2401 390 2462 omnia
410 2401 477 2464 lere
499 2401 772 2482 grammaticorum
791 2407 977 2482 praecepta,
999 2417 1080 2480 quae
1100 2400 1141 2464 da
1159 2401 1290 2474 litteris,
1317 2400 1358 2468 de

166 2522 304 2602 syllabis,
319 2523 359 2584 de
374 2515 479 2586 verbis
492 2508 691 2586 declinandis
700 2532 732 2584 et
745 2523 784 2585 de
799 2521 1107 2603 rhetoriceslegibus
1117 2525 1243 2604 vulgata
1253 2531 1356 2598 ciant,

161 2647 340 2709 accuratius
362 2647 554 2708 examinasse
578 2653 611 2707 et
630 2645 706 2724 quid
731 2645 798 2724 ipse
823 2644 863 2706 de
888 2641 938 2705 his
961 2644 1055 2706 rebus
1080 2645 1230 2720 sentiret,
1259 2646 1358 2709 fusius

164 2767 357 2846 exposuisse.
397 2767 443 2830 Ad
463 2767 559 2833 multa
580 2765 686 2846 igitur,
715 2782 795 2846 quae
816 2765 1062 2840 desiderantur„
1076 2765 1231 2846 explenda
1252 2767 1355 2830 Sciam.

163 2907 203 2954 ex
224 2889 405 2972 fragmentis
424 2883 553 2955 incertis
572 2888 647 2952 huic
672 2889 754 2953 libro
778 2889 1017 2952 adnumeravit:
1047 2887 1178 2950 Gacilim
1192 2869 1301 2968 'metor
1319 2905 1357 2964 aa

162 3014 295 3076 rusticus
313 3011 386 3095 fiat,
410 3047 442 3058 -
464 3013 740 3100 Ergupruetorum
762 3021 805 3075 eat
824 3021 894 3076 oute
914 3019 941 3074 et
957 3011 1081 3092 praeire
1098 3019 1105 3085 t
1122 3011 1163 3074 Ut
1178 3009 1357 3091 perhibetur

161 3136 254 3211 tuere,
283 3151 335 3197 ara
363 3137 398 3197 in
417 3153 478 3216 qao
498 3153 560 3198 noa
585 3137 644 3197 erit
668 3135 747 3201 ullo.
779 3136 906 3196 irritatu
937 3133 1027 3196 cauca
1050 3150 1142 3215 quom
1168 3134 1257 3198 tuuc
1277 3136 1358 3214 quod

159 3258 287 3336 plonius
313 3259 409 3320 dicit:
431 3275 520 3337 ¹quae
547 3258 649 3320 omnia
677 3244 731 3319 aut
757 3257 950 3338 grammatici
976 3256 1029 3319 alii
1055 3254 1136 3318 libro
1161 3255 1354 3329 adscribunt,

150 3385 216 3470 ¹'arist
233 3380 302 3469 ipse
321 3379 438 3442 rectius
459 3381 519 3444 alio
539 3380 652 3442 referri
665 3386 778 3441 statuo.
813 3375 907 3440 lliror
920 3385 1042 3458 tamen,
1065 3377 1149 3456 quod
1162 3395 1224 3440 nou
1238 3377 1353 3439 rerba:

162 3502 232 3564 bario
255 3500 411 3566 Tarsatica
431 3503 568 3564 Orbilius
589 3502 628 3563 lr.
652 3501 966 3581 illicitissimam
987 3499 1022 3578 fu
1046 3497 1099 3578 [cit
1119 3499 1308 3561 inconditum
1328 3507 1356 3560 et

160 3625 396 3706 inelaboratum]
419 3624 457 3686 ir.
472 3625 522 3688 bt.
548 3625 634 3686 Adde
654 3625 849 3686 sotoaciamou
876 3637 987 3702 grume
1010 3639 1046 3682 ce
1068 3619 1218 3683 uocabulo
1237 3627 1355 3684 centum

32 3781 34 3784 ·
160 3747 201 3809 ir.
218 3747 284 3806 lto.
308 3749 457 3810 Homerus
477 3748 556 3809 alter
575 3746 614 3807 fr.
632 3745 698 3814 ita.
721 3752 753 3806 ct
772 3745 892 3814 sabama
913 3744 1027 3806 bouum·
1043 3751 1087 3806 cst
1099 3745 1354 3825 guotieusscuaua

159 3871 304 3934 varietur
330 3850 448 3933 insist.
483 3871 576 3934 etiarn
604 3865 644 3930 ad
671 3868 763 3930 huius
790 3866 864 3928 libri
880 3873 1108 3954 argumentum
1136 3863 1354 3934 illustrandum

158 3988 349 4056 adbibuerit.
390 3992 450 4054 sed
476 3992 594 4072 reliqua
616 4009 689 4072 pars
711 3991 956 4070 fragmentorum
976 3987 1351 4066 inde,ab'Xlll-÷XXVl.

144 4091 235 4178 'aiiii
255 4132 419 4178 commune
440 4131 510 4184 cum
533 4115 736 4196 grammatica
758 4111 877 4177 habent
889 4134 897 4187 ;
920 4128 999 4192 quae
1021 4111 1176 4191 quomodo
1196 4127 1267 4172 cum
1291 4107 1358 4172 illis.

158 4239 276 4302 luerint
296 4238 483 4314 coniuncta,
507 4255 548 4300 ne
568 4236 749 4302 conlectura
771 4233 898 4320 wquidem
919 4235 1012 4300 facile
1032 4233 1216 4314 asecqmria

234 4363 345 4426 Lucilii
364 4363 445 4428 libro
466 4361 587 4428 decimo
609 4363 710 4438 lecto,
735 4354 864 4428 'setores
883 4359 1006 4444 glossae
1025 4358 1063 4428 in
1077 4357 1143 4420 vita
1164 4354 1233 4428 dadi
1253 4351 1352 4418 Persii
