3250 5136
269 409 319 464 tto
648 404 882 464 TESTIMONIA
899 405 1080 462 VETERUM

346 573 433 624 cum,
459 553 582 615 etiamsi
598 553 672 614 odio
693 568 752 633 par
763 551 859 614 inerit
877 553 997 626 ineos,
1019 571 1100 634 quos
1115 553 1226 628 laesit,
1248 560 1354 618 temen
1369 563 1454 617 certe

344 687 409 732 non
422 667 521 751 magis
543 666 655 748 dignos
675 666 841 740 hebuerit,
866 668 900 729 in
920 673 1101 750 quostento
1122 667 1453 742 libertatererborum

291 805 294 810 ·
345 787 530 851 incurreret.

369 971 510 1031 Auctoris
530 969 705 1030 Rhetoricae
724 969 765 1028 od
787 969 974 1030 Herennium
994 988 1030 1028 eo
1050 970 1103 1030 lib.
1125 969 1173 1042 ΙΙ,
1194 969 1240 1029 lli.
1263 972 1288 1045 §-
1307 969 1352 1032 l9.

270 1124 316 1184 18.
345 1121 380 1181 C.
396 1089 522 1180 Caelius
543 1114 645 1179 ludex
664 1113 800 1177 absolvit
818 1113 1003 1176 iniuriarum
1025 1133 1097 1176 eum
1119 1116 1173 1196 qui
1196 1115 1354 1178 Lucruruu
1373 1116 1454 1177 Poe·

343 1233 465 1296 tamin
491 1231 612 1292 Scaeua
640 1229 826 1291 nominatim
850 1229 1006 1290 laeserat:
1036 1229 1071 1290 P.
1093 1230 1212 1292 Mutius
1237 1249 1309 1292 eum
1333 1231 1387 1312 qui
1413 1231 1450 1290 L.

346 1349 476 1410 Accium
495 1345 625 1406 Poetam
649 1343 869 1406 nominaverat
891 1343 1123 1406 condemnavit.

672 1513 732 1572 Cic.
755 1511 790 1572 de
810 1509 901 1571 Fine.
925 1513 951 1570 1.
974 1513 1002 1572 5.
1024 1513 1053 1573 9.

272 1665 317 1724 19.
348 1664 408 1723 Res
443 1679 517 1721 vero
552 1659 671 1730 boues,
707 1659 812 1720 verbis
842 1658 951 1720 electis
983 1659 1119 1742 graviter
1147 1663 1320 1746 ornateque
1353 1658 1452 1719 dictas

344 1777 415 1858 quis
438 1793 503 1837 nou
523 1774 633 1856 legati
659 1773 726 1834 Nisi
750 1773 804 1855 qui
827 1791 861 1834 se
883 1772 977 1857 plane
999 1774 1153 1834 Graecum
1177 1773 1241 1836 dici
1261 1773 1352 1852 velit,
1378 1779 1454 1834 uta

347 1888 501 1952 Scaevola
521 1891 569 1950 est
587 1893 736 1970 praetore
756 1888 911 1976 salutatus
930 1887 1060 1962 Athenis
1080 1888 1244 1955 Albucius.
1269 1906 1363 1970 quem
1384 1888 1457 1969 qui·

256 2051 259 2061 .
348 2006 420 2068 dem
441 2003 547 2065 locum
568 2023 639 2066 curn
658 2002 758 2066 multa
778 2009 941 2066 venustate
963 2010 994 2064 et
1015 2003 1100 2064 omni
1119 2002 1186 2066 sele
1199 2003 1283 2064 idem
1299 2001 1453 2075 Lucilius,

346 2118 430 2201 apud
451 2135 546 2200 quem
571 2116 737 2199 praeclare
760 2116 915 2178 Scaevola
936 2117 992 2178 eir·
1007 2116 1116 2198 fragm.
1132 2117 1187 2178 lib.
1204 2117 1265 2178 inc.
1280 2117 1309 2177 3.
1325 2117 1354 2176 b.

648 2305 710 2362 Cic.
732 2303 767 2364 de
789 2303 842 2364 Or.
865 2304 910 2362 ΙΙ.
932 2303 979 2361 70.
1001 2303 1069 2363 28l„

254 2451 316 2514 :aa
344 2450 408 2512 Sed
422 2469 462 2511 es
481 2449 531 2510 his
547 2447 694 2510 omnibus
714 2447 760 2510 nil
780 2448 879 2529 magis
897 2447 1033 2521 ridetur,
1056 2454 1151 2530 quarn
1165 2447 1253 2529 quod
1267 2454 1315 2511 est
1327 2455 1453 2530 praeter

342 2564 633 2646 exspectationem
656 2563 746 2627 cuius
762 2562 1008 2625 innumerabilia
1025 2568 1099 2624 suut
1118 2563 1284 2644 exemplu,
1306 2563 1356 2624 vel
1369 2565 1452 2644 Appi

343 2678 473 2740 maioris
493 2678 597 2751 illius,
621 2678 675 2761 qui
696 2678 729 2738 in
752 2684 884 2751 senatu,
907 2697 978 2739 cum
1000 2682 1147 2758 ageretur
1163 2677 1203 2738 de
1217 2677 1453 2759 agrispublicis

342 2800 374 2855 et
394 2793 433 2856 de
456 2792 528 2874 lege
551 2791 676 2858 Thoria,
692 2797 723 2852 et
745 2798 943 2873 premeretur
965 2771 1107 2858 Lucilius
1127 2791 1168 2854 ab
1193 2792 1250 2865 iis,
1274 2793 1329 2874 qui
1356 2812 1374 2853 a
1396 2811 1455 2873 pe-

345 2907 510 2994 coreeius
535 2905 665 2986 deposci
687 2924 779 2986 agros
803 2905 950 2986 publicos
972 2907 1131 2978 dicerent,
1158 2906 1228 2968 Nou
1248 2912 1314 2980 est,
1337 2907 1452 2990 inquit,

342 3021 446 3082 Lucili
473 3038 592 3099 pecus3
624 3019 755 3078 erratis:
789 3017 960 3081 defendere
987 3019 1145 3082 Lucilium
1172 3020 1358 3083 videbatur:
1390 3040 1451 3102 ego

343 3133 479 3193 liberum
499 3138 577 3213 puto
599 3149 691 3206 esse;
712 3150 776 3216 que
794 3131 901 3206 lubet,
924 3135 1074 3215 pascitur.

537 3298 633 3360 Vecte
654 3275 810 3362 Paterculi
830 3301 882 3363 oe
899 3299 944 3362 rr.
965 3303 1082 3365 uester,
1107 3322 1132 3362 ο.
1148 3303 1176 3363 e.

264 3447 314 3512 21.
344 3446 477 3510 Celebre
500 3454 530 3510 et
551 3447 677 3510 Lucrcu
696 3465 813 3509 nomeu
834 3448 907 3520 fuit,
930 3447 985 3530 qui
1004 3449 1063 3513 sub
1080 3449 1119 3510 Pr
1129 3448 1294 3522 Africano,
1314 3449 1452 3512 Numan-

342 3563 408 3625 tino
436 3561 541 3633 bello,
568 3581 666 3644 eques
695 3561 894 3624 militaverat.
924 3581 987 3645 quo
1011 3563 1140 3644 quidem
1164 3568 1308 3645 tempore
1328 3562 1451 3624 iuvenis

344 3675 448 3740 adbuc
478 3675 630 3757 Iugurtha
654 3694 690 3736 ac
719 3675 837 3736 Marius
866 3677 924 3737 sub
952 3677 1066 3739 eodem
1091 3676 1241 3740 Africano
1267 3677 1451 3748 militantes,

342 3793 375 3853 in
394 3790 508 3852 iisdem
524 3790 635 3852 castris
651 3787 803 3863 didicere,
823 3810 905 3873 quae
927 3797 1038 3871 postea
1058 3791 1090 3851 in
1111 3792 1277 3854 contrariis
1298 3793 1451 3855 fecerent.

532 3959 656 4020 Horatii
675 3977 710 4024 coc
733 3959 785 4020 lib.
803 3961 830 4018 Ι.
853 3960 987 4020 Sermoo.
1004 3961 1060 4019 IV.
1078 3961 1105 4021 l.
1120 3977 1184 4040 sqq.
1222 3931 1224 3940 Α

262 4107 312 4170 ffl,
340 4101 491 4185 Eupolis,
511 4108 608 4186 etque
631 4105 794 4178 Cratinus,
815 4103 1109 4189 Aristophanesque
1129 4106 1267 4178 Poetae,

342 4218 539 4302 ltqueelii,
555 4233 697 4305 'quorum
716 4218 893 4294 Comoedie
912 4217 1017 4298 prisce
1038 4218 1175 4291 virorum
1197 4226 1264 4282 est:

341 4335 373 4398 Si
395 4333 466 4417 quis
488 4340 556 4399 eret
577 4335 688 4415 dignus
710 4333 865 4406 describi,
888 4335 975 4416 quod
997 4336 1119 4408 melus,
1141 4342 1198 4399 aut
1215 4335 1274 4408 lur,
