3242 5138
278 443 345 486 suut
627 421 677 480 ult
697 419 881 482 butsonis
900 419 1120 482 abelmaula.

278 577 433 652 sumptum
454 571 547 633 etiam
567 567 683 649 posteri
703 566 916 634 venditabant.
941 567 999 630 cfr.
1016 569 1089 629 llor.
1103 569 1126 630 l.
1143 569 1163 629 l.
1180 567 1244 630 Cio.
1259 585 1317 648 pro
1337 569 1465 646 Quinct.

277 695 326 756 50.
347 693 494 756 delion.
520 693 557 752 ll.
579 692 609 753 8.
631 692 680 753 11.
707 697 738 752 cl
759 691 996 752 ciceronianum
1019 689 1096 752 illud
1128 690 1234 763 „vivit
1253 696 1288 750 ut
1309 691 1469 752 Gallonius

277 815 412 894 loquitur
432 819 467 875 ut
487 814 558 875 Piso
577 814 629 875 ille
650 812 742 892 Frugi
752 813 770 839 ’'
791 811 832 874 ds
852 812 939 874 Finn.
965 813 1003 873 ll.
1025 813 1073 874 28.
1095 811 1144 874 uu.
1169 827 1249 891 quae
1269 829 1363 892 supra
1384 811 1468 874 dicta

276 941 364 1010 sunt,
387 933 558 996 confirmat.
582 933 661 1028 *Sed
681 933 836 1013 vulgatior
854 933 946 996 etiam
966 933 1048 994 lama
1070 932 1109 996 de
1130 934 1251 995 Maeuio
1274 932 1352 1008 luit,
1375 951 1468 1012 quem

155 1127 158 1136 ¹
275 1057 479 1120 Pantolabum
499 1057 616 1119 dictum
637 1056 731 1117 fuisse
752 1061 928 1117 auctorest
950 1056 1063 1117 Acron.
1086 1054 1126 1116 ad
1148 1057 1336 1136 llor.Ep.l.
1354 1055 1466 1118 11196.

276 1179 414 1251 scilicet,
447 1179 548 1256 quod,
581 1176 729 1257 quicquid
760 1176 964 1250 afferebatur,
996 1178 1165 1257 acciperet.
1213 1177 1274 1239 sed
1305 1179 1407 1238 Acron
1434 1185 1469 1240 et

275 1298 430 1380 Porphyr.
448 1299 487 1360 ad
502 1301 575 1360 llor.
592 1301 622 1362 S.
639 1301 662 1360 l.
677 1300 707 1360 8.
727 1299 773 1360 11.
789 1297 997 1360 adnotarunt:
1013 1298 1073 1360 luit
1090 1300 1209 1362 Mallius
1224 1301 1325 1360 verna
1340 1300 1468 1383 (Scurra

277 1423 383 1502 Cruq.)
404 1427 490 1483 trans
503 1421 639 1483 Tiberim
659 1420 803 1502 ingenuis
822 1421 1004 1500 parentibus
1023 1428 1131 1495 natus,
1153 1421 1223 1501 qui,
1246 1421 1318 1500 quia
1333 1438 1350 1482 a
1364 1421 1469 1484 multis

274 1542 440 1622 pecuniam
454 1548 591 1603 mutuam
607 1542 754 1621 rogabat,
776 1533 965 1603 Pantolabus
979 1547 1026 1602 est
1039 1542 1283 1621 cognominatus.
1321 1545 1469 1605 Pervenit

274 1666 344 1737 ille,
363 1665 389 1726 si
411 1663 680 1728 Pseudo-Asconio
699 1663 732 1723 in
754 1663 822 1724 Div.
838 1681 870 1742 p.
889 1663 1040 1726 116111.
1057 1663 1112 1724 lid.
1132 1663 1206 1725 Ball.
1231 1663 1307 1726 fides
1322 1665 1467 1728 habenda

275 1795 337 1860 est,
358 1787 419 1848 iam
442 1791 515 1848 ante
535 1786 644 1848 Lucilii
665 1793 799 1848 aetatem
819 1789 851 1847 in
874 1802 929 1847 ora
953 1784 1055 1866 vulgi,
1077 1785 1201 1865 quando
1215 1787 1341 1866 quidem
1359 1787 1470 1848 Catoni

275 1915 307 1971 et
327 1909 437 1970 Flacco
452 1909 634 1994 censoribus
649 1907 774 1968 domurn
788 1925 874 1971 suam
887 1907 1065 1970 vendidisse
1082 1908 1226 1983 traditur,
1249 1926 1310 1970 una
1324 1910 1466 1972 columna

275 2037 422 2109 excepta,
455 2041 535 2109 quae
565 2035 672 2108 postea
699 2029 820 2089 llaenia
844 2028 943 2102 dicta,
970 2029 1053 2108 apud
1075 2047 1166 2109 quam
1195 2027 1280 2092 iures
1308 2037 1340 2092 et
1359 2046 1468 2095 servos

274 2167 408 2230 nequam
434 2149 630 2212 triumvirum
652 2148 836 2228 capitalium
859 2149 944 2212 iussu
970 2152 1075 2229 puniri
1102 2153 1206 2214 solitos
1232 2169 1300 2214 esse
1325 2153 1465 2216 Pseudo·

143 2271 146 2278 '
274 2273 424 2337 Asconius
442 2273 547 2334 tradit.
569 2273 629 2334 Sed
643 2290 682 2334 ex
701 2272 770 2334 loeo
784 2273 942 2336 Ciceronis
962 2273 1064 2336 Divin.
1080 2274 1112 2333 ln
1126 2273 1215 2335 Verr.
1232 2291 1260 2336 c.
1277 2273 1324 2335 16.
1347 2275 1467 2350 „Vobis

274 2401 378 2456 autem
397 2401 483 2456 tanta
503 2394 608 2474 inopia
629 2411 752 2456 reorum
774 2402 840 2467 est,
867 2402 902 2456 ut
926 2395 1001 2456 mihi
1023 2413 1147 2458 oausam
1167 2397 1348 2477 praeripere
1372 2415 1466 2461 cone-

272 2517 348 2578 mini
371 2517 492 2597 potius,
520 2534 613 2597 quem
640 2518 759 2612 aliquos
785 2534 803 2579 a
824 2519 973 2578 Columna
999 2517 1119 2584 Maenia
1140 2519 1238 2580 vestri
1258 2519 1374 2581 ordinis
1395 2536 1466 2582 reos

273 2640 487 2719 reperiatist”
512 2639 544 2700 id
570 2640 672 2721 potius
699 2641 905 2720 perspicitur,
935 2641 1024 2703 cuius
1048 2642 1094 2704 rei
1115 2642 1201 2704 testis
1222 2650 1269 2704 est
1296 2642 1464 2703 Scholiasta

273 2761 447 2837 bobiensis.
470 2763 515 2825 ibi
535 2763 692 2826 debitores
713 2783 731 2824 a
751 2765 959 2828 oreditoribus
980 2765 1075 2828 inisse
1088 2766 1290 2846 proscriptos.
1318 2764 1389 2824 liius
1409 2781 1463 2825 ue·

273 2886 401 2965 quitiam
433 2887 507 2946 satis
537 2885 699 2946 declarant
726 2886 823 2946 verba
857 2888 975 2946 lloratii
1005 2889 1035 2946 S.
1059 2891 1082 2946 1.
1107 2889 1134 2947 1.
1158 2889 1223 2946 lla.
1261 2887 1329 2958 „Ut
1361 2886 1464 2946 vivam

273 3007 411 3070 Maenius
434 3013 488 3066 aut
508 3006 551 3102 sic
572 3013 607 3066 ut
629 3005 891 3066 Nomentanusi’'
921 3005 980 3066 Sed
1000 3005 1081 3082 quod
1104 3005 1170 3066 lere
1185 2991 1252 3065 lieri
1272 3003 1408 3075 solebat,
1428 3010 1465 3064 ut

272 3126 412 3188 homines
430 3128 541 3190 amisso
565 3127 767 3208 patrimonio,
795 3145 828 3188 se
849 3127 888 3190 ad
915 3127 1155 3190 familiaritatem
1183 3123 1315 3186 hominis
1334 3124 1465 3187 alienius

272 3250 353 3311 bene
368 3250 518 3310 nummati
532 3249 744 3330 applicarent,
766 3249 825 3311 air.
842 3251 915 3311 llor.
931 3254 961 3311 S.
979 3252 1014 3310 ll.
1031 3251 1060 3311 ὅ.
1078 3249 1126 3312 18.
1150 3248 1347 3327 „Postquam
1365 3247 1465 3339 omnis

271 3389 321 3433 res
335 3388 404 3433 mea
424 3372 531 3432 lanum
546 3371 586 3433 ad
599 3370 735 3433 lledium
750 3372 849 3433 tracta
864 3380 927 3446 est,
950 3373 1052 3433 aliem
1069 3371 1193 3452 negotia
1208 3387 1294 3443 curo,
1315 3385 1465 3432 excussus

272 3495 425 3576 propriis’'
445 3495 477 3557 id
499 3495 636 3574 llaenius
649 3512 774 3574 quoque
788 3493 900 3556 fecisse
920 3493 1055 3555 traditur
1074 3493 1133 3555 cir.
1151 3495 1222 3554 llor.
1239 3493 1294 3573 Ep.
1310 3494 1334 3553 l.
1351 3491 1397 3553 16.
1413 3491 1461 3554 16.

424 3618 579 3691 llaenius,
603 3623 637 3678 ut
657 3616 751 3678 rebus
770 3616 920 3678 maternis
941 3624 1034 3696 atque
1056 3617 1195 3696 paternis

304 3723 306 3728 ¹
423 3738 557 3799 Fortiter
578 3737 727 3800 absumtis
747 3737 886 3800 urbanus
907 3739 1010 3818 eoepit
1029 3739 1156 3812 baberi,

423 3863 536 3920 Scurra
554 3876 668 3938 vagus,
690 3875 753 3921 non
774 3861 827 3939 qui
847 3867 967 3923 certum
988 3879 1140 3942 praesepe
1161 3864 1299 3932 teneret,

424 3981 605 4060 impransus
624 4000 687 4043 non
708 3983 762 4062 qui
779 3985 879 4047 civem
901 3984 1099 4066 dignosceret
1119 3983 1223 4055 hoste,

423 4103 592 4180 Quaelibet
608 4105 640 4165 in
663 4105 804 4184 quemvis
823 4105 991 4186 opprobria
1011 4105 1132 4188 fingere
1153 4121 1280 4174 saevus,

423 4225 582 4288 Pernicies
606 4231 638 4288 et
659 4233 828 4308 tempestas
845 4225 1090 4308 barathrumque
1112 4226 1250 4299 llaoelli,

424 4344 580 4425 Quicquid
601 4347 778 4427 quaesierat
796 4349 899 4412 ventri
923 4349 1060 4414 donabat
1079 4364 1184 4413 avaro.
