3242 5138
285 461 327 502 m
485 443 535 502 ns
552 395 1010 502 emorrannu'nnsonuu
1028 415 1284 503 insunuans.

287 589 427 652 oratione
454 585 643 666 abhorrent,
671 597 708 652 ut
733 587 808 652 talia
827 579 988 652 lloratium
1009 593 1168 669 spectasse
1187 583 1378 670 putaverim,
1406 605 1482 652 oum

283 710 413 775 sonuit<

785 836 854 910 ffis,
876 805 1036 916 egoquae
1054 850 1150 910 nune,
1206 835 1210 841 “
1274 835 1275 840 ’

437 957 519 1021 Olim
537 976 618 1039 quae
637 957 763 1038 scripsit
781 957 937 1034 Lucilius,
958 959 1073 1038 eripias
1094 958 1121 1020 si

382 1095 385 1102 ⁴
431 1081 596 1160 Tempora
617 1086 703 1142 certa
721 1079 890 1159 modosque
911 1086 943 1142 et
962 1079 1046 1160 quod
1065 1079 1153 1160 prius
1174 1077 1283 1142 ordine
1303 1079 1440 1144 verbum·

437 1202 597 1264 Posterius
617 1201 732 1277 facias,
753 1218 951 1282 praeponens
971 1204 1078 1269 ultima
1098 1204 1228 1283 primis3
1335 1238 1338 1240 ·
1403 1229 1408 1240 ¹

438 1323 506 1386 Nou
530 1357 562 1370 -·
584 1324 726 1387 invenias
749 1357 780 1370 -
797 1324 925 1387 disiecti
943 1325 1084 1388 membra
1104 1333 1225 1406 poetae
1304 1349 1306 1354 ’
1328 1349 1357 1372 v
1393 1349 1395 1358 ’

359 1448 396 1508 fd
422 1447 493 1509 aliis
518 1441 591 1508 libri
617 1447 708 1526 primi
736 1447 919 1532 fragmentis
947 1446 1005 1511 has
1030 1449 1173 1513 lectionis
1198 1450 1366 1513 varietates
1392 1447 1481 1528 apud

284 1568 436 1630 Gallicum
464 1569 615 1632 editorem
639 1563 797 1632 'notandas
824 1569 997 1640 esseduxl
1028 1571 1068 1634 fr.
1091 1573 1119 1633 l.
1142 1571 1402 1652 eonsilium-legit
1420 1590 1481 1651 pro

282 1694 460 1778 eonsilium,
484 1692 569 1757 haud
589 1693 700 1769 dubie,·
723 1695 806 1775 quod
830 1692 1027 1774 insequenti
1056 1694 1231 1777 fragmento
1254 1694 1298 1754 ita
1329 1692 1481 1774 scriptum

283 1824 345 1890 est,
367 1817 422 1881 sed
442 1817 526 1882 aliud
545 1825 610 1893 est3
634 1821 830 1899 cumplures
851 1818 1013 1881 eonsilium
1031 1817 1072 1881 de
1094 1819 1220 1896 summis
1240 1817 1335 1880 rebus
1356 1815 1480 1880 habere

282 1939 447 2014 dicuntur,
477 1941 572 2014 aliud,
597 1956 668 2005 eum
688 1941 800 2020 aliquis
821 1942 952 2003 coneilio
973 1941 1109 2003 adfuisse
1130 1941 1254 2002 dieitur.
1287 1939 1327 2003 fr.
1347 1941 1394 2001 ll.
1414 1949 1480 2002 non

284 2058 383 2123 habet
402 2076 513 2123 versus
533 2061 721 2122 coniecturis
735 2061 897 2139 expletos,
919 2061 974 2122 sed
994 2063 1098 2124 lacera
1110 2049 1273 2124 rliuliniani
1286 2061 1382 2125 verba
1402 2061 1482 2123 reti-

282 2183 361 2245 nuit.
382 2184 415 2244 in
437 2183 476 2244 fr.
498 2183 550 2244 lV.
573 2181 691 2243 verba:
717 2183 803 2244 divos
816 2181 852 2229 -’-
863 2181 973 2262 sua'sset
993 2179 1108 2254 omisit:
1135 2183 1174 2244 fr.
1191 2185 1243 2244 Vl.
1265 2191 1294 2245 et
1311 2185 1394 2247 inter
1414 2193 1477 2246 u‘et.

283 2313 374 2384 temp.
396 2305 522 2367 delevit.
544 2291 584 2366 fr.
600 2302 664 2364 Vll.
680 2277 833 2382 fositnon
847 2296 977 2382 recepit.
1002 2303 1042 2364 fr.
1058 2303 1138 2363 Xlll.
1159 2303 1192 2363 in
1212 2301 1274 2364 fine
1294 2305 1480 2384 cepfs'aloeue

282 2444 339 2506 pue
359 2441 502 2490 aternus.
523 2425 566 2487 fr.
579 2425 660 2487 XlV.
680 2427 782 2504 primo
803 2425 857 2487 hoo
877 2424 1041 2485 orinueado
1056 2423 1141 2502 legit
1152 2430 1185 2484 et
1205 2427 1302 2502 capite
1322 2426 1480 2508 intellegit

283 2553 445 2629 totumque
464 2548 567 2628 locum
587 2548 630 2609 ita
652 2548 894 2627 interpretatur,
916 2546 1004 2626 quasi
1027 2538 1143 2624 iupiter
1163 2551 1281 2606 tantam
1301 2548 1477 2610 sententia-

283 2689 353 2734 rum
374 2670 588 2735 diversitatem
607 2672 640 2732 ln
669 2671 797 2733 deorum
817 2669 950 2732 eoncilio
977 2667 1180 2754 indignatus„
1198 2665 1295 2730 totam
1315 2667 1476 2748 quaestioss-

283 2813 355 2858 uem
385 2795 477 2859 unius
508 2792 642 2856 hominis
671 2801 771 2856 morte
788 2793 982 2856 'solvendam
1002 2791 1080 2858 “esse
1100 2792 1267 2868 'dixerit,'’
1297 2792 1351 2856 ulti
1372 2781 1476 2856 omnia

283 2923 403 2980 temere
424 2916 584 2992 coniecta,
606 2923 660 2978 aut
679 2922 715 2978 ut
733 2917 776 2977 ita
791 2913 934 2990 dixerim,
955 2887 1027 2978 lictu
1047 2922 1129 2979 sunt.
1164 2914 1256 2996 Apud
1269 2915 1400 2978 Nonium
1414 2913 1475 2979 hoo

283 3037 493 3119 fragmentum
519 3037 683 3114 laudatur,
710 3043 746 3100 ut
774 3019 942 3100 ablativum
964 3055 1025 3118 pro
1050 3036 1187 3118 genitivo
1214 3037 1306 3118 poni,
1333 3041 1476 3120 exemplo

282 3159 434 3223 firmetur.
465 3159 527 3224 Sed
546 3161 763 3242 verba'primo
783 3161 838 3226 froo
857 3163 1017 3224 minuendi
1037 3179 1105 3225 esse
1122 3167 1286 3242 corrupta,
1307 3178 1398 3224 uerno
1412 3179 1474 3223 non

283 3281 441 3363 intelligit.
488 3285 552 3346 lum
579 3279 699 3364 promo¹
718 3293 765 3348 est
793 3286 826 3346 ln
855 3277 972 3366 optimo
1000 3283 1092 3345 libro.
1117 3283 1124 3316 ’·
1139 3281 1214 3345 lude
1239 3283 1336 3346 facile
1367 3283 1477 3364 aliquis

283 3411 415 3482 statuat,
434 3405 543 3487 promo
564 3425 636 3470 oum
649 3406 743 3488 refert
762 3424 830 3471 esse
843 3405 1052 3488 ivurgendum3
1074 3405 1156 3486 quod
1174 3389 1285 3469 'contra
1299 3399 1366 3470 esse
1380 3411 1474 3486 puto;

283 3527 368 3594 uude
396 3529 517 3593 conieci
546 3549 655 3612 promo
680 3531 753 3594 huso
778 3516 962 3604 minuenda,
985 3528 1109 3610 refert,‘
1124 3547 1198 3603 uos,
1228 3525 1308 3610 quae
1336 3531 1364 3592 si
1372 3536 1482 3602 erecte,

283 3652 426 3742 oouieota
444 3659 528 3727 sunt,
551 3659 644 3732 poeta
664 3653 801 3733 priorem
815 3651 966 3733 syllabam
984 3653 1020 3716 in,
1036 3651 1136 3714 refert
1156 3651 1342 3733 corripuisse
1361 3657 1476 3732 putan-

283 3770 342 3835 dus
368 3779 430 3846 est,
461 3791 524 3854 qua
549 3772 590 3836 de
615 3787 651 3836 re
675 3774 758 3838 infra
782 3773 967 3838 videbimus.
998 3775 1038 3836 fr.
1053 3766 1148 3838 XVll.
1169 3793 1228 3856 pro
1248 3775 1353 3856 lorpes
1374 3777 1419 3838 ito
1442 3791 1475 3824 ε-

283 3895 415 3960 mutavit
445 3899 629 3978 herpestica3
663 3904 772 3960 eontra
794 3896 826 3958 in
847 3896 886 3958 fr.
901 3898 969 3959 XX.
1002 3897 1169 3970 leotioneru
1191 3896 1364 3971 honestam,
1395 3915 1476 3978 quae

283 4016 362 4080 ferri
380 4021 506 4099 nequit,
534 4019 731 4089 retinendam
752 4037 819 4083 esse
840 4019 981 4092 censuit;
1009 4019 1144 4100 denique
1163 4019 1197 4083 in
1217 4019 1356 4102 finepro
1375 4015 1477 4102 primo

285 4111 379 4205 versu
398 4143 517 4206 Sauras
545 4144 665 4226 primae
692 4144 792 4208 Persii
818 4161 888 4206 cum
911 4137 1089 4206 scholiasta
1105 4143 1277 4212 seeundum
1299 4161 1338 4206 ex
1361 4142 1477 4206 Lucilio

286 4278 466 4346 expressum
488 4283 555 4364 esse
573 4269 702 4360 statuit:
726 4267 802 4348 Quis
824 4268 896 4348 lapit
915 4267 1011 4330 daeo?
1034 4263 1109 4331 Μῦν
1129 4276 1163 4330 tu
1182 4267 1265 4332 istud
1278 4269 1351 4332 ais?
1381 4269 1476 4334 Nemo

401 4814 567 5103 ,ν
658 4648 1066 5116 Ῑιιη
