3242 5138
238 442 281 483 ¹11
648 421 698 477 DE
720 420 752 478 C.
767 421 905 480 LUCILII
924 423 1026 481 VITA.

237 571 278 634 de
297 588 359 649 quo
383 571 442 631 cir.
464 569 526 630 Cic.
548 568 588 630 dc
608 569 720 631 Orsll.
736 567 784 629 70.
799 569 867 630 2811.
889 569 943 628 ubi
962 567 1062 632 haec:
1085 567 1164 628 nihil
1191 570 1289 649 magis
1309 570 1430 635 ridetur

237 711 329 776 quam
347 693 431 772 quud
455 697 503 753 est
526 697 651 770 praeter
673 693 956 770 exspectationem:
988 690 1077 751 ouius
1097 691 1336 753 innumerabilia
1356 701 1428 754 sunt

237 817 394 896 exempla,
421 817 506 877 velut
525 815 615 894 Appii
634 815 759 876 maioris
776 815 877 888 illius,
902 815 1006 893 quiin
1030 820 1157 889 senatu,
1186 832 1257 877 cum
1284 825 1428 895 ageretur

237 939 276 999 de
295 939 378 1018 agris
401 937 533 1017 publicis
551 944 582 998 et
603 937 641 998 de
662 939 732 1017 lege
756 935 869 996 Thoria
890 944 922 996 et
941 942 1138 1015 premeretur
1161 936 1295 998 Lucilius
1318 937 1358 998 ab
1379 938 1425 1010 iis,

236 1061 289 1137 qui
309 1076 326 1119 a
345 1075 460 1140 pecore
481 1059 547 1121 eius
568 1058 694 1137 depasci
714 1074 809 1137 agros
823 1058 964 1136 publicos
979 1057 1140 1119 dicerent:
1163 1066 1296 1132 nonest,
1313 1062 1426 1140 inquit,

234 1181 343 1242 Lucilii
362 1197 458 1259 pecus
483 1178 576 1251 illud,
606 1179 736 1240 erratIs:
765 1178 949 1258 (defendere
976 1179 1126 1241 Lucillum
1153 1179 1334 1258 videbatur)
1360 1199 1418 1260 ego

234 1301 368 1362 liberum
391 1309 467 1380 puto
494 1317 579 1372 esse;
606 1317 666 1378 qua
684 1300 791 1374 lubet,
822 1300 993 1380 pascitur.''
1032 1301 1175 1363 Dubitari
1199 1307 1316 1380 potest,
1348 1320 1423 1362 num

233 1423 369 1484 Lucilius
388 1428 480 1501 poeta
499 1420 721 1501 intelligendus
741 1422 781 1482 sit
792 1443 801 1492 ;
822 1428 869 1482 est
888 1427 992 1482 tamen
1013 1423 1191 1501 probabile,
1215 1423 1298 1502 quod
1317 1424 1349 1484 in
1363 1424 1424 1484 alio

235 1543 360 1606 homine
393 1543 494 1603 minus
525 1548 598 1603 noto
626 1543 807 1604 Ciceronem
841 1561 954 1605 nomeu
982 1545 1099 1623 gentile
1125 1545 1303 1606 additurum
1329 1545 1424 1605 luisse

233 1665 427 1744 putaverim3
458 1663 513 1726 sed
534 1665 805 1743 operaepretium
838 1673 901 1739 est,
936 1664 1095 1730 homiuum
1121 1667 1283 1728 doctorum
1304 1666 1422 1727 somnia

233 1786 273 1848 de
292 1785 353 1847 hoc
373 1787 442 1847 loco
465 1785 629 1858 conferre,
652 1803 783 1865 quorum
804 1789 883 1848 alter
902 1790 1063 1850 Lucullum
1086 1807 1143 1867 pro
1163 1787 1313 1848 Lucilium
1333 1805 1426 1866 repo-

235 1909 327 1969 situm
342 1925 410 1969 esse
430 1906 542 1979 voluit,
566 1907 645 1967 alter
662 1924 754 1985 pecus
767 1879 877 1968 Lucilii
897 1908 1022 1987 plebem
1040 1909 1202 1989 iutelligit,
1224 1909 1278 2003 oui
1289 1908 1424 1989 vectigal

233 2029 300 2108 agri
323 2028 442 2108 publici
465 2046 523 2107 per
542 2026 690 2090 Thoriam
704 2028 806 2108 legem
826 2045 1007 2090 concessum
1029 2039 1121 2093 esset.
1160 2033 1321 2095 Manifeste
1341 2034 1424 2093 enim

232 2151 348 2231 respici
366 2149 624 2213 consuetudinem
645 2151 772 2224 Lucilii,
795 2151 849 2229 qui
867 2157 975 2229 petere
999 2151 1136 2230 singulos
1159 2153 1260 2227 cives,
1283 2155 1422 2232 arripere

231 2274 383 2352 primores
415 2273 523 2353 populi
563 2273 774 2352 populumque
813 2272 954 2333 tributim
990 2290 1148 2351 nunquam
1188 2272 1420 2334 dubitaverim!

232 2395 376 2456 Eiusdem
408 2395 475 2457 lere
511 2395 635 2476 generis
665 2402 712 2457 est
740 2412 801 2457 van
831 2395 958 2457 lIeusdii
993 2394 1114 2473 opinio,
1146 2395 1199 2473 qui
1228 2412 1245 2454 e
1278 2377 1420 2458 versibus

233 2515 417 2578 Lucilianis:

381 2639 570 2702 Publicauus
589 2658 665 2702 vero
685 2648 721 2701 ut
741 2641 830 2702 Asiae
854 2639 925 2701 fiam
945 2641 1166 2720 scripturarius

381 2763 443 2823 Pro
462 2763 596 2834 Lucilio,
616 2763 649 2823 id
673 2780 730 2842 ego
750 2764 821 2823 nolo
842 2762 953 2823 etboc
974 2781 1036 2824 non
1056 2770 1141 2826 muto
1163 2764 1276 2827 omnia.

229 2901 301 2947 eum
328 2883 528 2962 publicanum
554 2883 650 2943 fuisse
676 2875 784 2942 statuit
808 2889 839 2943 et
864 2883 994 2945 tortasse
1021 2884 1246 2958 decumanum,
1269 2903 1351 2946 *cum
1379 2904 1418 2946 ex

228 3004 304 3082 ipsis
321 3003 382 3064 illis
410 3003 552 3064 versibus
579 3002 671 3064 facile
696 3003 807 3081 aliquis
833 3006 952 3066 eruerit
975 3005 1176 3066 contrarium.
1217 3007 1323 3082 Neque
1349 3007 1418 3083 plus

229 3125 349 3186 iaciunt
369 3131 423 3186 aut
442 3124 482 3185 ad
501 3130 612 3203 poetae
632 3124 792 3204 ingenium
815 3133 901 3188 recte
922 3126 1166 3199 aestimandum,
1188 3126 1301 3188 autad
1320 3127 1416 3188 vitam

228 3245 296 3306 eius
313 3245 540 3320 illustrandam,
562 3246 645 3324 quod
661 3247 722 3308 iter
734 3247 768 3307 in
780 3247 916 3308 Siciliam
936 3249 1047 3310 fecisse
1068 3256 1100 3310 et
1119 3238 1176 3310 sub
1190 3247 1278 3310 Velia
1292 3247 1416 3309 domum

228 3365 386 3429 habitasse
406 3367 530 3442 dicitur,
553 3385 633 3446 quae
647 3369 791 3430 Antiochi
811 3372 893 3450 regis
912 3370 976 3432 lilio
990 3371 1091 3432 obsidi
1110 3370 1234 3449 publice
1255 3368 1417 3430 aedificata

228 3487 341 3550 luerat.
381 3490 459 3551 Nam
478 3489 559 3552 bene
580 3497 771 3554 nummatum
791 3492 942 3554 Lucilium
962 3492 1074 3564 luisse,
1099 3494 1161 3554 iam
1182 3493 1300 3554 Horatii
1318 3491 1416 3554 verba

229 3609 409 3671 declarant:
427 3611 607 3690 „Quicquid
621 3630 689 3672 sum
703 3617 771 3693 egb,
787 3615 927 3692 quamvis
939 3614 1024 3674 lnlra
1037 3614 1135 3676 Lucili
1147 3615 1307 3676 censum.’'
1328 3616 1417 3676 Gete-

228 3747 298 3791 rum
307 3731 400 3792 facile
411 3731 582 3794 credideris
596 3733 782 3804 acerrimum
794 3735 939 3796 vitiorum
951 3736 1108 3797 irrisorem
1123 3742 1155 3797 et
1166 3736 1268 3815 ipsum
1282 3752 1300 3796 a
1313 3737 1417 3798 miultis

227 3851 322 3914 luisse
341 3853 567 3933 impugnatum.
608 3855 678 3932 Quo
697 3855 864 3918 referenda
885 3863 973 3931 sunt,
995 3874 1075 3935 quae
1095 3859 1211 3919 Auctor
1234 3858 1273 3919 ad
1294 3859 1415 3921 Heren-

227 3972 314 4033 nium
333 3973 549 4038 labellulo.
568 3976 613 4038 l9.
639 3979 696 4049 ,‚C.
713 3979 833 4040 Caelius
853 3979 948 4040 iudex
975 3979 1106 4040 absolvit
1127 3979 1311 4042 iniuriarum
1332 3997 1412 4052 euru,

226 4095 279 4173 qui
309 4096 460 4158 Lucilium
489 4103 612 4176 poetam
640 4100 672 4159 in
693 4115 787 4162 scena
806 4100 987 4161 nominatIm
1004 4102 1139 4162 laeserat
1150 4103 1178 4174 ;”
1205 4103 1322 4164 Graves
1340 4099 1414 4162 inde

226 4215 403 4279 inimicitias
421 4219 505 4282 inter
523 4219 674 4281 Lucilium
693 4225 725 4282 et
743 4221 830 4282 illum
854 4221 989 4284 iudicem
1010 4229 1093 4288 ortas
1113 4241 1181 4286 esse
1201 4227 1356 4296 statuum,
1383 4229 1415 4284 et

227 4337 304 4401 duos
322 4356 447 4415 versus,
470 4342 523 4420 qui
541 4342 653 4422 reliqui
672 4349 766 4417 sunt,
785 4361 822 4405 eo
840 4345 1022 4408 referendos
1043 4365 1110 4410 esse
1130 4349 1277 4408 censent:
