3286 5126
281 439 366 484 txxrr
477 416 527 478 BE
545 415 787 491 smodtoatm
806 412 1003 478 Lienontlll
1020 407 1278 488 secondom.

280 569 369 648 Ques
391 567 494 630 omnia
520 567 603 629 inter
627 583 662 628 se
688 559 761 628 sunl
776 557 1008 626 diversissima.
1048 563 1109 626 Sed
1136 581 1177 628 ex
1196 563 1380 644 fragmentis
1398 565 1474 646 ipsis

213 761 216 768 Α
281 709 321 756 ne
343 709 438 754 onum
458 689 582 770 quidem
610 689 686 751 lacit
711 688 750 750 ad
776 693 1009 770 argumentum,
1038 686 1121 766 quod
1148 695 1472 767 supramemoratum

281 821 344 889 est,
365 813 592 876 illustrandum.
624 815 705 874 sane
720 810 759 873 ed
777 809 873 874 villici
892 827 1054 890 personam
1068 809 1228 872 retulerim
1242 807 1282 872 lc.
1297 812 1322 871 1.
1336 811 1471 874 vl-lx.

280 936 406 1002 videtur
426 936 508 998 enirn
530 942 622 1016 poeta
646 949 820 997 sermonem
848 950 920 996 cum
949 934 1004 996 illo
1030 934 1155 996 homine
1178 933 1348 996 instituisse
1374 941 1408 996 et
1432 933 1473 996 de

281 1065 367 1120 recto
394 1077 452 1120 usu
480 1058 658 1120 diutiarnm
686 1056 798 1138 egisse.
830 1071 927 1118 unum
956 1056 1090 1118 tortasse
1122 1054 1162 1117 tr.
1184 1056 1223 1117 X.
1251 1055 1292 1118 ad
1318 1056 1473 1137 Collyrem

280 1181 435 1260 pertinet,
457 1195 550 1260 quam
572 1180 682 1260 aliquis
701 1185 792 1260 putet
811 1179 970 1260 pistricem
990 1179 1075 1241 illam
1089 1178 1223 1241 relidam
1237 1177 1349 1252 luisse,
1370 1193 1472 1240 mam-

278 1300 392 1382 phulas
411 1319 492 1382 quae
512 1301 618 1365 scierit
640 1301 750 1364 omnis.

361 1427 395 1486 ln
415 1417 470 1486 lib'.
487 1427 580 1487 XVll.
602 1431 727 1506 „poete
747 1423 788 1486 dc
803 1423 976 1486 Stoicorum
998 1423 1175 1504 praeceptis
1194 1422 1267 1504 egit,
1289 1423 1343 1502 qui
1355 1441 1474 1504 puem-

278 1563 373 1628 quam
394 1547 511 1628 aliquid
532 1547 695 1629 proprium
719 1544 840 1608 habere
866 1543 1037 1628 negabant·
1060 1543 1118 1608 cir.
1134 1545 1260 1607 Terent.
1282 1545 1399 1606 Andria
1418 1547 1471 1609 Ν.

278 1673 308 1736 ὃ.
332 1673 359 1733 l.
380 1671 507 1733 Nihilne
526 1689 588 1734 csse
605 1671 769 1750 proprium
789 1671 942 1749 coluerunt.
967 1668 1078 1730 irridet
1101 1685 1176 1750 ergo
1198 1669 1377 1730 Commenta
1398 1683 1473 1748 pce·

277 1801 396 1868 tarum,
419 1793 472 1873 qui
494 1791 612 1875 ligur-‘as
632 1792 858 1874 mythologices
878 1790 1022 1871 (Ledam,
1045 1793 1224 1886 diomedem
1245 1791 1321 1870 etc.)
1345 1792 1472 1856 sommis

278 1915 500 1980 exornaverint
530 1914 710 1977 virtutibus.
753 1915 809 1976 illc
832 1913 963 1977 fortasse
992 1921 1112 1995 poetas,
1134 1913 1217 1976 viros
1236 1913 1421 1996 clarissimos
1439 1920 1474 1976 et

279 2039 410 2100 laminas
424 2037 639 2112 nobilissimas,
662 2037 702 2101 ab
716 2036 797 2117 epici
812 2037 957 2098 carminis
970 2037 1175 2118 scriptoribus
1188 2037 1372 2113 celebratas,
1394 2057 1471 2120 per·

277 2161 417 2232 censuit,
439 2159 523 2222 unde
544 2165 726 2240 argumenta
747 2164 872 2239 peteret
891 2157 930 2219 ad
952 2157 1149 2220 refutandam
1171 2167 1333 2239 poetarum
1348 2161 1470 2242 opinio-

278 2301 349 2346 nem
377 2284 473 2345 etad
500 2281 713 2343 confirmanda
741 2295 797 2352 ea,
825 2295 906 2359 quae
933 2279 1001 2360 ipse
1026 2279 1067 2342 de
1085 2280 1201 2344 virtute
1222 2282 1349 2344 sensit.”
1387 2283 1473 2346 llaec

277 2405 349 2466 Sch.
392 2404 452 2466 Sed
475 2401 552 2464 mihi
579 2402 705 2482 quidem
731 2403 819 2463 locus
841 2402 880 2464 de
906 2401 1089 2464 mulieribus
1114 2402 1157 2464 ita
1181 2403 1306 2464 videtur
1332 2423 1399 2468 esse
1420 2406 1473 2468 in-

278 2523 483 2606 telligendus,
512 2531 547 2587 ut
567 2526 701 2604 aliquem
725 2524 985 2586 celebratissimos
1003 2523 1071 2586 illas
1090 2524 1239 2605 temporis
1263 2524 1382 2586 heroici
1404 2545 1475 2588 mu-

276 2647 371 2710 lieres
385 2646 425 2709 ad
434 2654 581 2727 'stuprum
595 2647 739 2728 compelli
751 2648 889 2728 potuisse
902 2653 1068 2728 negamem
1081 2647 1250 2721 induxerit,
1264 2646 1347 2726 qnod
1363 2654 1475 2712 contra

277 2787 311 2833 se
325 2770 443 2833 habere
455 2778 548 2852 poeta
568 2771 697 2832 iudicat.
729 2771 833 2832 Fuisse
852 2772 934 2832 enim
948 2771 1016 2834 illas
1036 2771 1181 2834 mulieres
1200 2768 1427 2852 pulcherrimas
1441 2782 1475 2835 et

277 2895 362 2954 omni
382 2893 525 2974 corporis
544 2894 619 2955 vitio
639 2893 777 2954 caruisse
797 2892 984 2972 eosdemque
1004 2911 1075 2954 cum
1093 2895 1165 2956 love
1185 2899 1328 2973 stuprum
1346 2893 1470 2960 iecisse.

277 3016 312 3076 ln
334 3015 511 3082 unirersum
531 3015 627 3096 igitur
648 3021 740 3094 poeta
761 3013 800 3074 de
819 3014 966 3077 laudibus
987 3005 1111 3076 illarum
1124 3012 1305 3078 detraxerat
1324 3024 1356 3080 et
1372 3017 1471 3098 ipsam

277 3138 455 3219 Penelopen
487 3137 584 3199 irrisit
610 3137 650 3198 ir.
674 3137 725 3197 lV.
761 3137 925 3199 caeterum
955 3136 982 3198 si
1007 3143 1094 3198 recte
1112 3137 1362 3218 interpretantur
1386 3139 1472 3221 trag-

275 3384 441 3446 lcctioncm
468 3383 508 3445 ir.
526 3383 575 3444 v1.
597 3390 685 3445 recte
707 3383 864 3456 constitui,
890 3401 943 3444 eos
962 3399 1085 3462 qnoque
1106 3381 1247 3446 homines
1267 3384 1470 3466 reprehendit

276 3515 380 3586 poeta,
403 3507 456 3586 qui
475 3507 555 3568 lucri
569 3506 671 3570 studio
686 3507 824 3568 carmina
841 3513 1043 3586 componunt.
1067 3523 1138 3566 cum
1158 3505 1198 3569 ir.
1214 3507 1281 3569 Xll.
1307 3509 1365 3571 cir.
1381 3510 1466 3588 virg.

278 3631 353 3690 den.
370 3631 408 3690 V.
424 3629 492 3690 cao.
534 3630 572 3688 lit
599 3645 727 3716 magnos
754 3628 964 3691 membrorum
991 3635 1076 3690 artus
1095 3645 1207 3710 magna
1234 3647 1302 3692 ossa
1321 3631 1471 3694 lacertos·

275 3767 335 3828 que
353 3758 358 3821 Ι
376 3749 476 3810 Exuit.

351 3871 418 3935 lib.
431 3872 540 3933 livill.
562 3873 597 3933 Ρ.
622 3871 691 3947 „de
712 3873 814 3934 arans
836 3879 868 3936 et
888 3873 989 3935 stultis
1007 3871 1187 3936 hominihus
1206 3877 1342 3956 scriptos
1357 3883 1404 3939 est
1416 3875 1468 3940 iric

272 3993 384 4056 liber.”
425 3993 574 4074 Equidem
595 4003 671 4076 puto
693 3996 820 4056 lloratio
847 3997 880 4058 in
910 3997 1124 4077 componenda
1151 3998 1245 4060 satira
1272 4000 1373 4079 prima
1395 3999 1467 4061 libri

274 4117 366 4200 primi
386 4124 458 4180 anto
479 4119 584 4182 oculos
604 4125 762 4182 versatum
782 4135 850 4181 esse
874 4117 959 4181 hunc
988 4119 1100 4182 Lucilii
1127 4121 1258 4194 librum,
1294 4139 1365 4183 cum
1385 4122 1468 4184 inter

275 4230 439 4302 nonnullos
460 4255 567 4304 versos
586 4242 749 4323 utriusque
771 4242 917 4306 carminis
937 4257 1049 4326 magna
1069 4243 1109 4306 sit
1128 4242 1318 4308 similitudo:
