3286 5126
287 433 336 482 nr
614 415 716 484 uuae
733 414 961 478 numerante
978 370 1165 478 saronae
1210 470 1219 476 t.

286 560 391 636 verbis
410 567 485 627 utun
506 561 584 642 (lib.
599 563 665 624 Vll.
684 579 712 630 c.
729 563 791 640 lb.)
811 563 915 644 lepide
935 563 1102 636 admodum
1121 569 1155 628 et
1173 563 1361 636 scite-lactis
1379 563 1479 630 versi·

286 682 347 746 hus
367 699 535 750 coenarum
556 683 759 766 ciborumque
780 686 949 765 exquisitas
969 685 1097 748 delicias
1118 684 1365 766 comprehendit.
1399 688 1477 752 Mra

285 806 435 888 pleraque
454 805 488 868 id
504 823 623 886 aganus,
645 822 732 886 quae
748 803 912 876 helluones
936 807 988 870 isti
1008 813 1094 868 terra
1117 813 1149 869 et
1173 808 1252 874 muri
1278 807 1475 888 conquirunt,

286 929 430 1008 exposuit
447 929 639 1008 inclusitque
649 929 687 992 ,in
700 947 845 1000 numeros
859 929 1028 994 s.enarios.”
1046 947 1107 1010 quo
1121 946 1193 992 cum
1204 931 1275 993 loco
1287 929 1482 1016 conterende⁸

285 1057 359 1114 sunt
381 1050 478 1116 verba
509 1051 643 1130 Apuleii.
656 1051 698 1128 in·
717 1051 874 1134 Apologia.
896 1053 961 1116 sive
991 1052 1031 1117 de
1057 1054 1159 1134 llagia
1184 1053 1293 1116 Oratio
1324 1054 1380 1120 ud.
1406 1054 1475 1134 hlp.

284 1174 324 1236 V.
338 1175 378 1239 ll.
393 1192 426 1253 p.
438 1175 491 1242 bh.
511 1173 567 1235 lid.
589 1173 782 1237 llildebraud
802 1175 837 1236 P.
853 1177 894 1237 ll.
910 1194 943 1255 p.
959 1173 1028 1236 tel.
1051 1175 1123 1254 „Q.
1137 1176 1253 1240 Ennius
1265 1176 1477 1255 Hedypethiea

283 1295 348 1362 sire
368 1296 624 1375 Hcdypothetico,
649 1310 730 1374 quae
752 1295 895 1360 versibus
914 1296 1064 1376 scripsit,
1081 1296 1476 1377 innumerabiliaffipisciurn

282 1433 403 1497 genera
425 1424 605 1493 enumerat,
636 1435 717 1497 quac
737 1419 866 1483 *scilicet
895 1419 1019 1483 curiose
1043 1425 1194 1500 cognorat
1217 1419 1354 1495 —alios
1382 1421 1476 1486 etiam

283 1540 388 1604 multis
407 1541 549 1604 versibus
568 1531 744 1616 decorarit,
773 1548 806 1606 et
823 1540 880 1604 uhi
899 1542 1038 1622 gentium
1058 1541 1189 1622 quisque
1208 1561 1317 1604 eorum
1336 1543 1478 1612 iuvenia-

284 1669 352 1736 tur,
384 1663 538 1738 ostendit;
566 1664 701 1743 qualiter
725 1681 812 1728 assus
841 1671 895 1728 aut
924 1664 1115 1736 iussulentus
1135 1665 1252 1746 optime
1271 1668 1388 1748 sapiat,
1417 1683 1478 1732 uec

284 1793 389 1862 manen
416 1787 455 1848 ab
483 1785 613 1849 eruditis
638 1783 924 1868 reprehenditur‚''
953 1789 1010 1850 eir.
1033 1789 1069 1850 A.
1087 1789 1203 1857 Gellius
1229 1789 1249 1851 l.
1271 1789 1293 1850 l.
1325 1789 1477 1864 „Genera

284 1916 389 1980 autem
421 1910 609 1988 numinaque
637 1909 774 1972 edulium
806 1918 837 1974 et
866 1909 1023 1980 domicilia
1051 1911 1209 1986 ciborum,
1239 1911 1381 1974 omnibus
1409 1911 1477 1976 aliis

283 2032 495 2110 praestantia,
518 2047 598 2110 quae
617 2031 778 2112 profunda
794 2032 948 2111 ingluvies
960 2035 1135 2114 vestigavit,
1152 2051 1237 2114 qnae
1251 2034 1350 2096 Varro
1365 2051 1479 2114 expro-

281 2151 380 2230 brans
400 2159 566 2220 exsecutus
586 2160 634 2216 est
654 2153 735 2217 etc.''
1179 2229 1182 2231 ,

359 2277 424 2336 lam
438 2279 530 2336 Sotae
541 2283 763 2355 argumentum·
774 2275 873 2338 simile
894 2276 989 2338 luisse
1010 2295 1049 2338 ex
1067 2275 1134 2356 ipsa
1154 2276 1358 2356 inscriptione
1371 2277 1478 2358 colligi

282 2413 382 2476 posse.
396 2397 539 2470 videtur,
562 2394 648 2476 quod
674 2397 867 2478 probabilius
887 2375 981 2461 etiam
1004 2398 1080 2472 luit,
1107 2399 1135 2460 si
1158 2399 1266 2461 Asotos
1289 2415 1381 2460 verus
1402 2398 1478 2460 libri

230 2493 234 2506 ’
275 2515 390 2582 ‘unlus
412 2519 489 2594 eurr,
510 2520 568 2584 on.
587 2521 653 2582 oie.
675 2520 714 2584 aa
736 2521 809 2584 rin..
822 2523 859 2584 u.
874 2522 904 2584 s.
919 2521 968 2582 aa..
1002 2521 1132 2596 „Nolim
1152 2521 1236 2591 eni-m,
1257 2520 1332 2598 min
1352 2520 1473 2599 fingere

283 2650 399 2718 asotos,
424 2650 461 2704 ut
478 2643 600 2718 soletis,
627 2644 681 2723 qni
701 2644 735 2706 in
755 2657 893 2708 mensam
913 2650 1038 2714 vomant
1063 2650 1098 2706 et
1115 2643 1169 2722 qul
1189 2642 1229 2703 de
1246 2643 1396 2714 conviviis
1418 2659 1476 2704 au-

283 2765 427 2838 ferantur
446 2767 599 2848 crudique
623 2767 775 2848 postridie
803 2783 836 2830 se
865 2785 973 2832 rursus
992 2767 1204 2847 ingurgitent,
1231 2765 1285 2844 qui
1304 2768 1412 2841 solem,
1440 2773 1478 2829 ut

283 2889 382 2962 aiunt,
410 2907 470 2952 nee
498 2889 694 2952 occidentem
720 2903 857 2967 unquam
882 2888 1022 2950 viderint
1041 2905 1100 2950 nec
1128 2888 1300 2960 orientem,
1323 2887 1377 2966 qui
1396 2903 1474 2951 cou-

283 3011 413 3089 sumplis
441 3010 635 3089 patrimoniis
661 3011 812 3088 egeant.”
845 3009 980 3074 Sotades
1012 3018 1117 3076 autem
1146 3009 1279 3076 ridicula
1309 3009 1474 3081 admodum

282 3137 428 3211 poemata
449 3131 579 3210 scripsit
605 3129 781 3197 inhonestis
806 3149 973 3213 conspersa
1002 3133 1095 3206 iocis,
1126 3151 1206 3213 queo
1235 3131 1399 3216 φλύακας
1423 3133 1475 3206 vel

281 3250 583 3337 auuctoytotrrovg
609 3255 795 3334 appellavit,
818 3271 900 3334 quae
919 3271 936 3316 a
954 3271 1125 3334 ¹puerorum
1145 3257 1280 3324 lectione
1299 3255 1475 3318 amovenda

166 3353 168 3358 ¹
280 3394 351 3440 esse
370 3384 457 3441 recle
478 3384 588 3440 censet
606 3378 835 3456 Quinctilianus
855 3381 930 3442 lust.
955 3377 1045 3444 Rhea,
1065 3381 1089 3450 l,.
1104 3381 1163 3452 ll5
1188 3380 1260 3442 Sive
1279 3379 1374 3458 igitur
1386 3381 1475 3440 sou·

282 3501 330 3563 dis
347 3499 508 3581 ingenium
527 3490 592 3564 sive
613 3507 768 3564 asotorum
787 3519 890 3566 mores
912 3501 1057 3582 respicis,
1078 3507 1246 3580 utrumque
1267 3501 1474 3564 comensalis

280 3621 429 3686 maneum
447 3622 514 3686 tuit
525 3622 566 3686 acl
586 3624 738 3688 librorum
757 3619 993 3704 argumentum,
1017 3622 1102 3702 quod
1121 3623 1256 3686 diximus
1265 3669 1280 3698 ,
1295 3623 1475 3703 significau-

233 3792 236 3798 .
281 3743 368 3822 dum,
417 3745 479 3808 Sed
505 3747 601 3808 utin
629 3745 689 3806 hon
716 3745 938 3808 librolinnius
967 3745 1227 3812 luxuriam-suae
1256 3747 1367 3810 acutis
1399 3764 1474 3826 per·

279 3867 464 3942 strinxerat,
485 3867 528 3932 ita
548 3866 580 3930 in
600 3865 784 3948 Epicharmo
805 3867 1035 3948 philosophiam
1054 3874 1266 3942 tractaveram
1286 3867 1319 3930 id
1338 3866 1423 3946 quod
1441 3875 1474 3932 et
1544 3951 1548 3960 .

280 4007 321 4052 cx
338 3988 412 4051 libri
437 3989 527 4053 titulo
549 3997 583 4055 et
610 4009 649 4088 οξ
664 3990 852 4070 Ι[τίηςιιιθιιῑὶε
874 3989 1070 4070 intelligitur.
1109 3991 1149 4051 Et
1170 3989 1260 4070 plura
1285 3988 1410 4070 quidem
1432 3989 1472 4052 ad

279 4109 443 4191 physicam
467 4118 628 4190 spectant,
656 4129 737 4191 quae
757 4111 828 4177 lere
851 4111 961 4174 eadem
987 4111 1020 4172 in
1038 4111 1187 4184 Varronis
1205 4112 1294 4176 libris
1313 4121 1361 4176 est
1379 4112 1472 4188 ratiu

279 4233 334 4314 uui
351 4230 621 4318 Konuoaoptm,
639 4232 734 4318 Περὶ
749 4229 944 4318 Ἐξαγώγης
963 4241 997 4295 et
1015 4235 1201 4298 Eumenides
1212 4234 1356 4316 inscripti
1368 4241 1470 4312 erant.

278 4357 341 4422 Sed
369 4375 431 4430 oon
458 4357 562 4431 minor
592 4374 687 4437 quam
720 4355 754 4421 iu
782 4355 974 4436 argumentis
1002 4356 1154 4438 eligendis
1168 4355 1473 4438 ‘pertractaudlsque

1625 574 1631 703 l
