3250 5136
618 441 664 496 ns
679 429 841 498 'lucinio

521 589 636 649 Auseu.
657 590 764 668 Epipr.
787 589 882 648 LXX.
904 589 933 648 7.

56 699 59 704 ’
135 709 183 792 ll.
212 711 381 772 Perversae
399 710 529 772 Veneris
553 711 675 791 postico
695 687 824 772 vulnere
847 712 951 772 lassor

212 825 313 886 Lucili
336 825 413 886 vatis
435 824 568 897 subulo,
591 825 793 906 pullipremo.
905 837 908 844 '

508 958 662 1062 Ausonius
681 965 742 1043 sp:
762 967 798 1025 V.
825 965 872 1024 55.
895 963 943 1023 56.

136 1085 183 1145 aa.
214 1087 357 1147 Invenies
378 1093 504 1167 praesto
528 1087 695 1159 subiuncta
716 1087 851 1167 petorita
872 1085 966 1148 mulis

214 1199 294 1260 Villa
318 1201 493 1264 Lucani-
517 1214 590 1263 mox
611 1202 742 1283 potieris
768 1235 802 1244 —
826 1219 894 1262 aco.

213 1313 360 1376 Rescisso
377 1314 481 1376 disces
504 1334 696 1396 componere
718 1316 844 1376 nomine
866 1334 991 1376 versum

204 1427 313 1512 ¹Lucili
328 1429 417 1491 ¹vatis
442 1428 487 1488 sic
511 1429 650 1490 imitator
670 1429 743 1490 eris.

210 1542 370 1622 eugenius
392 1539 432 1602 11.
456 1541 734 1605 caraxante.
758 1545 812 1605 cn.
836 1543 960 1604 naaria.
983 1542 1064 1602 nini.
1090 1543 1159 1602 nat.
1176 1539 1232 1602 ιιι.
1248 1541 1317 1604 aas.

213 1655 271 1715 Pro
296 1689 331 1700 —
354 1656 410 1716 tibi
433 1663 466 1718 ut
487 1665 518 1717 et
539 1664 648 1718 nostro
670 1659 774 1718 veniat
795 1677 835 1718 ex
856 1656 996 1718 carmine
1018 1690 1052 1701 -
1073 1656 1174 1718 lectus

213 1771 314 1832 Instar
335 1771 437 1833 Lucili
459 1792 557 1854 cogor
578 1773 775 1853 disrumpere
798 1789 917 1831 versus.
1297 1743 1309 1782 l

517 1910 655 1970 llartiul.
677 1910 784 1988 Epipr.
807 1911 865 1969 Xl.
888 1907 936 1970 90.
1014 1985 1020 2012 x

134 2031 182 2090 tt).
213 2033 359 2094 tlzrrmina
384 2032 470 2094 nulla
494 2033 627 2114 probas,
651 2033 737 2094 molli
760 2052 841 2114 quae
865 2032 963 2092 limite
986 2039 1131 2104 comunt,

213 2147 275 2208 Sed
296 2167 378 2228 quae
400 2167 457 2229 per
480 2147 623 2210 salebras
644 2147 771 2229 altaque
793 2166 870 2208 saxa
895 2146 1028 2220 cadunt;

210 2263 249 2322 Et
269 2261 326 2322 tihi
346 2262 493 2324 Maeonio
518 2279 568 2323 res
591 2262 731 2322 carmine
754 2261 856 2322 maior
875 2261 1031 2333 habetur,

211 2378 328 2438 Luculli
349 2379 517 2439 Columella
538 2378 602 2437 liele
625 2377 695 2438 silu'
716 2377 935 2454 Metrophanes.

166 2519 339 2586 Euanthius
359 2509 399 2585 de¹
418 2533 496 2603 trop.
519 2533 546 2584 et
567 2525 649 2585 Com.
671 2542 704 2601 p.
726 2523 790 2582 LV,
812 2541 863 2600 up.
886 2521 1072 2582 Westerltou.
1096 2525 1127 2581 iu
1149 2524 1288 2584 Editioue

659 2636 800 2696 Terentii.

135 2758 184 2818 50.
212 2757 337 2818 Etenim
358 2777 415 2839 per
433 2758 557 2839 priscos
581 2763 709 2838 poetas,
736 2775 799 2817 nun
821 2761 855 2816 ut
873 2775 974 2830 nunc,
997 2757 1123 2837 penitus
1137 2757 1210 2818 licta
1231 2778 1323 2838 argu·

213 2876 339 2944 menta,
369 2872 425 2933 sed
450 2890 501 2932 res
529 2878 638 2953 gestae
670 2891 688 2934 a
716 2871 838 2934 civibus
862 2871 968 2953 palam
988 2890 1059 2933 cum
1080 2890 1190 2933 eorum
1211 2891 1320 2954 saepe,

213 2986 267 3066 qui
287 2994 469 3068 gesserunt,
492 2987 619 3049 nomine
642 2987 903 3049 decantabantur.
927 2987 1004 3049 ldeo
1017 2987 1088 3069 ipsa
1105 3007 1164 3049 suo
1177 2994 1323 3069 tempore

209 3077 354 3162 *moribus
379 3102 512 3163 multum
533 3102 651 3182 proluit
673 3103 825 3189 civitatis,
851 3123 922 3164 cum
943 3104 1163 3186 unusquisque
1184 3108 1321 3177 caveret,

213 3215 366 3299 culpane
389 3216 573 3297 spectaculo
596 3217 730 3279 caeteris
752 3225 837 3278 esset
857 3223 888 3279 et
911 3205 1090 3280 domestico
1106 3219 1237 3300 probro.
1258 3219 1322 3280 Sed

213 3351 283 3392 cum
308 3337 423 3413 poetae
444 3331 534 3394 abuti
560 3330 709 3393 licentius
730 3332 820 3404 stilo,
848 3337 879 3393 et
900 3333 1018 3413 passim
1040 3333 1168 3396 laedere
1189 3333 1229 3394 esi
1250 3332 1322 3393 lihi-

215 3445 288 3506 dine
311 3446 494 3528 coepissent
513 3419 621 3527 plures
643 3446 763 3518 bonos,
790 3436 1020 3530 nequisquam
1043 3445 1077 3508 in
1100 3447 1232 3508 alterum
1254 3466 1323 3508 car·

214 3578 285 3621 men
307 3559 424 3622 infame
445 3567 656 3643 proponeret,
684 3559 754 3642 lege
779 3561 861 3642 lata,
890 3560 1019 3624 siluere.
1052 3561 1093 3622 nt
1111 3559 1186 3622 hinc
1206 3560 1321 3623 deinde

215 3672 302 3736 aliud
324 3693 423 3755 genus
440 3674 585 3748 fabulae,
607 3675 719 3748 idest,
742 3673 863 3748 Satira,
884 3676 1018 3756 sumpsit
1031 3674 1218 3749 exordium
1241 3694 1322 3756 quae

214 3810 231 3850 a
259 3789 396 3871 Satyris,
424 3809 504 3871 quos
532 3781 639 3852 illotos
670 3808 796 3872 semper
826 3809 863 3852 ac
891 3789 1071 3871 petulantes
1098 3791 1176 3851 deos
1203 3789 1321 3851 scimus

213 3922 301 3976 esse,
323 3905 460 3966 vocitata
482 3912 550 3980 est;
573 3906 632 3968 etsi
653 3904 783 3968 aliunde
804 3924 920 3966 nomen
942 3908 1077 3968 traxisse
1098 3923 1194 3985 prave
1212 3910 1322 3986 putant

213 4019 277 4082 alii.
318 4019 422 4092 Haec,
461 4039 543 4099 quae
574 4021 669 4082 satira
699 4020 833 4091 dicitur,
865 4019 1022 4084 eiusmodi
1050 4019 1124 4093 luit,
1156 4026 1189 4081 ut
1220 4020 1252 4082 in
1283 4038 1321 4079 aa

214 4135 356 4216 quamvis
382 4134 461 4195 duro
486 4139 516 4195 et
543 4135 628 4195 velut
654 4135 769 4217 agresti
796 4135 886 4208 ioco,
916 4135 955 4197 de
976 4134 1058 4196 vitiis
1079 4135 1193 4198 civium
1217 4141 1322 4196 tamen

214 4248 282 4310 sine
309 4250 376 4311 ullo
405 4249 526 4331 proprii
554 4251 689 4313 nominis
718 4252 808 4313 titulo
838 4270 965 4312 carmen
989 4256 1083 4312 esset.
1126 4248 1220 4323 Quod
1246 4249 1324 4309 item

215 4382 314 4445 genus
336 4365 529 4428 Comoediae
551 4365 657 4427 multis
682 4367 783 4429 obluit
803 4367 923 4448 poetis,
953 4385 1023 4430 cum
1051 4367 1081 4430 in
1108 4363 1324 4446 suspicionem
