3286 5126
267 377 395 425 urmvur
593 351 1137 428 circumituum-situum

353 554 357 564 .
424 509 526 570 Dente
545 502 780 577 lacessitigiuit
799 502 924 565 intactis
943 491 1067 581 quoque
1080 515 1163 568 ‚cura
1255 567 1259 573 ,
1373 535 1378 542 ,

428 627 612 716 conditione
636 599 730 705 super
750 625 926 696 commuri3
946 623 1137 706 quinetiam
1157 625 1209 694 lex

426 752 593 830 Poenaque
615 749 695 820 lala,
719 747 800 826 malo
822 764 903 826 quae
924 747 1020 811 nollet
1039 749 1177 826 carmine
1198 763 1402 829 quenquam·
1435 791 1436 799 κ

368 933 371 940 ,
427 871 590 950 Describi;
611 877 736 934 vertere
756 868 898 944 modum,
921 869 1086 934 formidine
1107 869 1196 931 iustis

426 993 471 1056 Ad
492 995 573 1056 bone
594 991 761 1057 dicendum
782 991 1063 1076 delectandumque
1085 992 1215 1056 redacti.
1251 991 1253 999 ⁴

351 1117 482 1182 Accedit
502 1115 649 1196 Virgilius
670 1114 843 1194 Georgicon
864 1113 930 1178 Lib.
946 1115 983 1174 ll.
998 1113 1056 1175 stt
1070 1131 1138 1194 sqq.

297 1297 302 1304 .
356 1293 359 1298 .
425 1241 489 1302 Nec
510 1255 576 1308 uon
596 1238 743 1322 Ausonii,
764 1237 855 1300 Troia
876 1253 953 1316 gens
972 1237 1082 1312 missu,
1105 1237 1207 1304 coloni
1246 1275 1247 1280 κ

351 1433 355 1442 Α
431 1361 581 1428 Versibus
599 1360 745 1422 incomtis
764 1359 876 1422 ludunt
895 1359 1021 1437 risuque
1041 1360 1160 1433 soluto,

425 1485 554 1564 ¹Oraque
576 1482 745 1544 corticibus
766 1487 893 1560 sumunt
910 1481 1069 1548 horrenda
1091 1483 1225 1556 cavatis,

429 1608 467 1666 Et
487 1603 644 1668 tevBacbe
662 1611 786 1678 avocant,
797 1621 854 1682 per
875 1604 1012 1668 carmina
1030 1605 1115 1670 'laeta
1135 1603 1254 1684 tibique
1320 1665 1326 1670 .

302 1789 306 1794 ,
433 1727 544 1790 Oscilla
565 1745 605 1788 ex
628 1728 689 1788 alta
713 1725 908 1806 suspendunt
929 1728 1141 1808 molliaspiuu.
1241 1770 1242 1778 κ

356 1855 394 1914 ut
411 1852 552 1925 Tibullus
571 1850 658 1932 Eleg.
673 1851 711 1910 11.
731 1851 759 1912 l,
774 1849 813 1910 bb
827 1867 898 1930 sqq..
990 1900 992 1904 .
1032 1921 1036 1928 ,

306 2039 310 2046 ,
431 1975 580 2054 Agricola
600 1973 724 2048 assiduo
745 1973 880 2054 primum
899 1974 1030 2042 satiatus
1052 1979 1156 2036 aratro
1194 1997 1196 2002 ’

511 2095 654 2158 cantavit
674 2102 763 2172 certo
779 2096 897 2177 rustica
910 2095 1006 2158 uerba
1026 2094 1128 2175 peda;

349 2293 352 2296 ,
435 2220 474 2281 Et
494 2226 580 2283 satur
603 2219 705 2282 arenti
724 2219 859 2298 primum
879 2224 927 2290 est
947 2217 1123 2288 modulatus
1143 2235 1242 2282 avena

511 2344 658 2418 Carmen,
680 2348 715 2424 ut
733 2341 999 2412 ornatosdiceret
1022 2347 1094 2406 aute
1108 2341 1202 2406 deos.

436 2465 580 2550 Agricola
600 2472 632 2526 ct
654 2463 758 2526 minio„
771 2463 922 2538 suffusus,
944 2433 1087 2537 bacche,
1105 2463 1235 2528 rubenti

443 2655 447 2660 ,
515 2589 637 2652 Primus
657 2589 822 2668 inexperta
841 2586 931 2650 duxlt
950 2587 991 2650 ab
1008 2595 1077 2672 arte
1097 2587 1220 2658 choros.

359 2711 480 2792 Quibus
489 2712 616 2794 quidem
629 2719 791 2793 poetarum
802 2711 984 2776 testimoniis
998 2728 1069 2782 oum
1086 2708 1183 2790 ipsius
1198 2707 1370 2772 Aristotelis
1386 2725 1477 2774 acce-

291 2835 344 2898 dat
357 2835 526 2896 auotoritas
546 2835 633 2895 Poet.
656 2849 684 2894 c.
700 2835 748 2908 lu,
770 2831 855 2894 haud
875 2833 968 2894 iacile
981 2833 1143 2912 quisquam
1156 2830 1249 2908 fidem
1263 2829 1403 2910 deroget.
1429 2834 1480 2897 Ex

286 2955 399 3035 quibus
417 2952 479 3015 hoo
498 2954 632 3034 primum
652 2962 740 3016 recto
759 2953 925 3033 colligitur,
954 2954 1053 3015 omnis
1076 2954 1157 3017 vitae
1178 2953 1317 3018 cultioris
1336 2954 1424 3016 inilia
1444 2961 1479 3016 ut

285 3077 369 3157 apud
389 3082 510 3140 ceteras
530 3081 640 3158 gentes
660 3075 702 3136 ita
720 3074 808 3155 apud
836 3077 989 3136 Romanos
1002 3075 1049 3154 ¹ab
1070 3075 1261 3156 agricultura
1287 3093 1354 3140 csse
1383 3093 1477 3155 repc-

290 3197 395 3261 tendn.
436 3199 521 3280 Tum*
534 3198 675 3275 Horatio,
700 3197 842 3278 Virgilio,
865 3185 988 3258 Tibullo
1001 3198 1189 3263 auctoribus
1208 3198 1278 3262 iuro
1297 3205 1403 3263 nostro
1419 3197 1480 3262 boc

288 3320 493 3398 affirmamus,
515 3321 710 3402 ingeniorum
731 3321 883 3400 igniculos
903 3321 1013 3402 priscis
1039 3321 1099 3382 illis
1128 3321 1321 3402 temporibus
1346 3321 1480 3384 maxime

291 3446 421 3509 deorum
441 3447 528 3507 cultu
548 3452 581 3507 et
599 3439 803 3526 religionibus
815 3445 974 3508 -excltatos
993 3445 1089 3509 tuisse
1118 3451 1212 3524 utque
1233 3461 1398 3518 accensum
1424 3445 1480 3508 sed

289 3571 396 3651 populi
416 3570 516 3632 Latini
532 3568 634 3630 studio
654 3576 766 3633 natura
782 3568 828 3632 ad
846 3569 1002 3642 scenicam
1023 3567 1130 3648 poesin
1148 3568 1283 3634 maxime
1301 3567 1479 3642 inclinasse,

292 3691 380 3752 cuius
400 3690 526 3770 quidem
547 3691 594 3752 rei
613 3690 744 3770 vestigia
763 3697 798 3754 et
818 3691 851 3752 in
871 3707 1073 3771 personarum
1094 3707 1153 3752 usu
1172 3695 1205 3752 ot
1223 3690 1256 3750 in
1270 3691 1398 3753 alternis
1410 3709 1482 3753 ver·

289 3814 375 3876 sibus
399 3811 629 3893 deprehendas.
667 3812 819 3886 Carminis
839 3813 921 3876 enim
944 3811 1133 3876 amoebacoe
1152 3810 1233 3876 hoec
1254 3813 1418 3887 esinatis,
1447 3821 1482 3875 ut

292 3935 331 3995 ad
355 3934 495 4024 diverbia
526 3935 804 4006 tabularumviam
829 3935 969 4008 munint3
1000 3933 1090 4001 chori
1119 3941 1226 4004 autem
1252 3937 1379 4016 propria
1410 3943 1483 3998 sunt

174 4071 180 4082 ·
293 4058 425 4119 cantica.
459 4057 772 4135 Quibussiaccedit,
794 4066 830 4128 ut
847 4059 880 4120 in
899 4059 1118 4134 imitandorum
1132 4060 1304 4122 carminum
1324 4065 1396 4120 actu
1416 4076 1483 4120 mo-
1549 4057 1577 4138 J
1621 4093 1622 4120 ;

295 4187 343 4240 tus
363 4197 424 4241 non
451 4196 468 4241 a
491 4198 568 4244 voce
588 4181 697 4244 absoni
717 4182 794 4256 sint,
823 4190 855 4246 et
874 4189 979 4261 partes
1001 4180 1204 4248 histrionibus
1220 4180 1422 4268 peragendae
1442 4182 1483 4244 ad
1552 4165 1561 4184 ’

291 4302 391 4388 ,υηιιιιῑ
409 4311 626 4386 argumentum
647 4304 836 4380 reieroutur,
861 4321 930 4382 ,uon
955 4305 999 4368 ita
1024 4307 1155 4370 multum
1176 4304 1420 4379 desideraveris,
1447 4312 1483 4368 ut
