3290 5130
287 372 328 450 6
666 367 696 426 o.
717 365 854 428 66666
874 363 1079 433 analeum

359 515 389 578 3.
410 515 488 576 lnde
507 513 755 578 Dicaearoheum
773 513 911 595 populos
930 511 1108 596 Delumque
1129 507 1294 582 minorem.

363 631 393 691 l.
416 629 577 710 Campana
598 618 717 709 Capua.

363 743 392 805 5.
415 743 524 826 Longe
543 742 603 804 tria
622 742 723 804 millia
742 759 905 824 passuum.

361 858 391 919 6.
414 857 532 937 ilerum
551 857 632 920 haec
653 856 748 920 ludus
771 859 816 920 ibi
836 877 954 942 susque
977 856 1082 920 omnia
1101 856 1207 945 deque
1227 855 1375 934 fuerunt:

287 971 410 1056 Susque
431 979 463 1033 et
482 972 586 1055 deque
605 971 693 1034 fuere
708 1005 743 1018 -
757 971 934 1056 inquam·
946 972 1052 1034 omnia
1070 969 1157 1032 ludu'
1175 969 1328 1051 iocusque

285 1085 368 1149 lllud
390 1106 470 1168 opus
490 1087 623 1162 durum,
644 1093 679 1148 ut
698 1087 839 1150 Setinum
861 1086 1045 1150 accessimu’
1064 1084 1181 1148 finem:

283 1182 469 1288 ‘Acyllcrroc
489 1201 630 1276 montes,
654 1204 776 1285 Aetnae
796 1221 924 1276 omnes,
945 1201 1051 1284 asperi
1070 1198 1222 1262 Athones.

360 1318 389 1378 7.
411 1315 580 1378 Praeterea
599 1335 693 1378 omne
713 1317 774 1379 iter
792 1324 841 1378 est
860 1315 921 1380 hoe
941 1314 1202 1396 lahosum‘atque
1222 1313 1371 1406 lutosum.

361 1431 391 1491 8.
413 1431 510 1492 Porro
532 1430 676 1492 homines
696 1450 847 1514 nequam,
866 1431 969 1494 malus
991 1437 1027 1492 ut
1046 1427 1234 1513 quartarius,
1255 1409 1382 1506 cippos,

289 1544 443 1606 Collisere
464 1563 584 1611 omnes.
1108 1629 1110 1634 Ι

288 1722 292 1728 ,
360 1659 390 1720 9.
411 1658 549 1722 Mantioa
572 1659 690 1734 cantari
710 1664 814 1722 costas
834 1660 983 1742 gravitate
1004 1659 1179 1741 premebat.

284 1927 332 1978 Sed
349 1927 468 1991 equidem
483 1929 562 1990 ipsum
581 1929 707 1982 salernum
729 1930 860 1991 intelligam
890 1929 955 1985 iilius
971 1928 1019 1981 loci
1034 1930 1118 1978 auctor
1127 1929 1213 1977 666666
1224 1925 1335 1978 voluerit.
1354 1905 1468 1972 ceterum

285 2017 311 2068 et
337 2018 433 2078 recepta
457 2017 561 2065 lectione
583 2016 668 2066 666666
694 2029 740 2080 pro
765 2019 861 2067 6666666
890 2017 979 2078 Varges
996 2018 1060 2066 hunc
1076 2029 1174 2066 6666666
1190 2015 1248 2065 huic
1263 2014 1325 2062 libro
1345 2011 1468 2064 adnume-

285 2103 438 2153 interrallum
463 2105 528 2154 inter
559 2105 681 2154 castellum
708 2106 734 2154 et
761 2105 861 2166 portum
891 2105 966 2166 ravit,
988 2105 1055 2166 quod
1078 2105 1105 2153 in
1127 2105 1172 2154 hoc
1197 2102 1284 2153 itinere
1307 2099 1424 2150 Lucillum
1441 2100 1469 2146 et

286 2192 461 2242 Salernitauum
472 2193 631 2254 significatum
647 2205 699 2244 esse
719 2193 798 2242 statuo
815 2193 859 2242 cir.
892 2192 996 2253 capuam
1006 2193 1129 2241 transiisse
1140 2193 1167 2240 et
1182 2191 1217 2239 ibi
1232 2188 1383 2252 paratiquod
1399 2188 1466 2236 666-

285 2281 337 2329 Li'v.
355 2281 457 2330 XXXIV.
476 2281 519 2330 os.
544 2281 569 2328 et
592 2281 678 2343 strabo
695 2283 724 2329 V.
742 2281 785 2331 fin.
803 2281 858 2344 qui,
891 2291 937 2340 pus
958 2280 1130 2328 commoratum
1143 2279 1204 2332 'esse
1227 2279 1301 2328 iidem
1326 2275 1469 2326 scholiastae

285 2367 347 2436 illud
370 2381 384 2416 a
407 2367 469 2416 mari
491 2368 612 2416 remotum
636 2381 697 2417 esse„
711 2368 795 2416 auctor
824 2370 861 2418 est
891 2367 1041 2416 confirmant.

223 2469 226 2476 ¹
286 2452 431 2528 Σάλεριιον
439 2481 474 2491 —-
481 2453 590 2527 μικρὸν
601 2455 673 2524 ὑπὲρ
685 2457 737 2523 τῆς
749 2455 861 2530 θαλάσ-
926 2455 951 2502 6.
965 2454 1056 2506 Charis.
1068 2468 1094 2516 p.
1107 2454 1166 2502 tid.
1177 2453 1246 2516 66696
1254 2466 1299 2515 pro
1305 2451 1467 2513 longitudine.

287 2559 350 2612 6ης,
366 2546 464 2603 portum
474 2542 601 2593 86666666
612 2543 703 2594 dictum
714 2545 758 2593 ut:
772 2545 861 2595 ostium
926 2542 951 2590 6.
970 2543 1026 2593 Aul.
1040 2542 1101 2593 Geli.
1114 2541 1176 2594 XVI.
1189 2543 1215 2592 9.
1233 2543 1259 2590 in
1277 2540 1382 2590 seeundo
1394 2553 1468 2590 versu

287 2632 415 2682 Eridanum
431 2631 549 2682 Plin.·111.
564 2632 607 2681 ld.
885 2627 913 2680 'ct
923 2613 1043 2692 improbat
1053 2631 1151 2692 Varqes.
1169 2630 1226 2679 6666
1237 2629 1374 2678 emendavit
1389 2631 1465 2690 Dusa,

321 2721 347 2769 6.
365 2720 433 2769 Paul.
456 2733 497 2782 ap.
521 2721 586 2770 ret.
612 2734 639 2784 p.
652 2711 713 2770 662.
736 2722 781 2773 lid.
807 2723 860 2771 Oli.
891 2717 935 2767 sed
950 2731 1092 2780 perperam
1109 2719 1135 2768 et
1150 2717 1215 2780 apud
1226 2717 1344 2766 Lucilium
1358 2715 1466 2778 produc-

285 2819 386 2856 uumero
409 2808 465 2858 libri
484 2822 536 2858 non
560 2809 698 2872 adscripto,
727 2811 770 2860 sed
796 2811 862 2860 reete
893 2806 983 2856 donem
993 2808 1099 2869 syllabae
1110 2807 1184 2859 etiam
1200 2807 1226 2854 in
1243 2803 1305 2854 tlresi
1322 2805 1381 2854 terri
1397 2817 1467 2867 posse

285 2897 350 2946 hune
371 2911 398 2952 6,.
421 2892 494 2946 tertio
517 2896 620 2944 adscribi
641 2911 680 2946 res
703 2899 756 2958 ipsa
780 2899 861 2946 docet.
892 2907 942 2942 nou
959 2896 1111 2956 negaverim
1135 2894 1179 2944 sed
1200 2897 1224 2944 ei
1248 2906 1319 2942 66666
1342 2907 1392 2942 666
1409 2894 1467 2944 saus

286 2985 469 3032 Dicaearchum
501 2997 516 3031 c
546 2986 636 3032 Graeco
665 2985 863 3055 Δικαιαρχέων
891 2982 979 3045 idonea
995 2983 1078 3036 reiecit
1095 2983 1125 3032 V.
1143 2995 1223 3044 noque
1246 2983 1305 3042 fiaes
1326 2995 1371 3045 pro
1395 2982 1467 3041 doctu

288 3072 339 3119 ort.
363 3071 444 3118 ortrun
469 3071 588 3131 putatet
617 3071 737 3120 extremas
760 3073 863 3134 syllabas
893 3069 1084 3133 admittendum
1102 3071 1226 3133 inquarto
1241 3084 1313 3120 versu
1325 3069 1468 3138 Αιγίλιποι

288 3156 372 3205 eadem
383 3157 485 3216 syniaesi
501 3158 662 3221 contraxisse,
681 3173 742 3220 quae
756 3160 782 3208 in
793 3162 863 3210 dcam
892 3142 1018 3206 lectionem
1036 3160 1106 3208 unice
1125 3173 1208 3208 veram
1226 3173 1278 3208 esse
1294 3160 1372 3221 puto,
1391 3171 1466 3218 quum

287 3244 423 3305 saepissime
439 3245 589 3296 observatur.
611 3247 753 3310 Delumque.
773 3261 816 3310 quc
826 3249 864 3298 est
893 3258 954 3306 quae
960 3247 990 3294 V.
1001 3247 1084 3296 contra
1094 3248 1156 3302 hanc
1167 3260 1250 3297 vocem
1258 3246 1372 3309 rupuar,
1385 3245 1467 3294 omnia

287 3333 456 3393 explicativum
474 3333 519 3383 cir.
531 3338 591 3384 Hor.
603 3337 653 3388 Sat.
667 3341 699 3386 11.
714 3338 739 3387 i.
751 3337 795 3387 57.
808 3338 861 3387 sed.
892 3347 968 3397 6666,
981 3334 1028 3384 nisi
1038 3335 1105 3397 quod
1118 3337 1181 3384 bene
1191 3336 1254 3386 vidit
1263 3319 1404 3404 ἀιγίλι66ς
1414 3345 1466 3382 666

287 3421 326 3470 uie
342 3435 427 3474 versus
442 3424 517 3488 spiret
536 3425 628 3487 aliquid
648 3425 755 3488 Epirum.
769 3425 864 3475 conteri
893 3436 907 3472 6
924 3424 1012 3476 λείπω
1032 3424 1076 3473 sed
1093 3437 1107 3474 a
1123 3425 1212 3478 lirare
1230 3439 1281 3475 esse
1297 3417 1465 3473 derivandum!

289 3510 359 3572 vera.
378 3513 444 3574 Virg.
464 3515 493 3563 Δ.
513 3515 540 3562 5.
563 3515 624 3568 650,
653 3495 862 3577 Graiugenumque
892 3513 949 3578 vide
972 3505 1113 3562 6666666666
1135 3513 1245 3562 iectioms
1268 3527 1308 3576 ap.
1333 3513 1394 3561 Geli.
1417 3511 1464 3559 Ed.

288 3597 374 3649 domos
394 3603 551 3663 suspectaque
576 3603 708 3664 iinqrrimus
733 3617 807 3665 arra,
825 3604 861 3653 id.
892 3601 962 3650 uon.
982 3602 1008 3650 et
1029 3601 1127 3662 vargas.
1143 3609 1171 3663 6.
1193 3603 1235 3651 re.
1256 3602 1286 3651 de
1307 3602 1384 3670 Setia,
1406 3601 1467 3650 urbe

289 3689 315 3738 6.
328 3687 407 3747 sea.;
426 3701 470 3748 per
487 3689 584 3737 6666666
599 3692 703 3752 populos
714 3691 863 3754 ‚mediaeque
892 3689 918 3752 in
934 3691 1053 3739 montium
1064 3692 1120 3752 iugo
1131 3691 1200 3739 iuxta
1216 3691 1356 3752 Pomptinos
1372 3702 1468 3753 campos

289 3787 333 3834 per
349 3775 424 3824 Elidis
439 3776 534 3827 urbem.
552 3777 578 3827 6.
591 3776 672 3840 89Ξ.;
690 3777 863 3841 Laurentisque
892 3779 939 3828 sita
955 3777 1000 3826 cir.
1019 3779 1132 3830 Martialis
1154 3779 1194 3827 tv.
1214 3779 1256 3828 dt.
1276 3781 1302 3829 et
1322 3781 1386 3829 Xlll.
1406 3779 1465 3828 lli.

288 3861 353 3912 dicet
369 3865 470 3925 populos
491 3865 622 3930 urbemque
646 3865 734 3916 Latini.
748 3868 863 3920 *temese
893 3867 939 3918 ubi
951 3867 1057 3929 pendula
1071 3866 1180 3915 vocatur.

287 3951 391 4000 busilias
412 3953 480 4002 linnii
503 3955 664 4016 sequipedalia
687 3956 761 4006 rerba
777 3957 862 4008 irrisit.
928 3957 953 4004 7.
972 3957 1033 4004 Non.
1051 3969 1078 4016 p.
1091 3955 1150 4003 555.
1170 3969 1194 4005 6.
1207 3957 1305 4018 vergea.
1324 3956 1405 4005 talsor
1425 3954 1468 4003 loc

323 4040 348 4118 6.
370 4041 488 4105 Porphyr.
506 4043 537 4092 ad
560 4047 621 4094 lior.
641 4045 666 4094 S.
686 4046 711 4098 t.
729 4045 755 4096 6.
769 4046 812 4094 68.
835 4059 863 4094 cc
892 4047 952 4104 iter,
970 4045 1036 4106 quod
1052 4057 1098 4094 nos
1111 4043 1235 4108 dedimus,
1254 4046 1292 4094 est
1308 4058 1340 4094 ex
1353 4041 1430 4094 codd.

289 4127 355 4177 onia
371 4129 864 4184 actm.eieurcit1naruutc:rtsma
927 4132 954 4181 a.
975 4134 1039 4184 rest.
1067 4147 1094 4196 p.
1116 4133 1176 4184 25&
1204 4133 1249 4183 lid.
1277 4135 1330 4183 ou.
1357 4129 1468 4192 aarum

289 4217 381 4272 66666.
405 4220 541 4282 deligitur
563 4222 688 4272 notissima
711 4222 753 4270 ilia
769 4223 859 4283 capua,
891 4221 963 4270 lectio
981 4221 1058 4273 codd.
1079 4219 1184 4272 collirem
1199 4223 1232 4272 ci.
1249 4222 1362 4282 8666666.

289 4303 329 4352 ubi
341 4305 366 4356 in
377 4308 457 4358 medio
468 4308 627 4372 relinquitur,
647 4311 749 4360 amintes
761 4321 792 4358 66
804 4309 860 4359 vitia
927 4310 952 4361 9.
969 4311 1087 4375 Porplryr.
1107 4311 1137 4361 ad
1154 4310 1213 4362 lior.
1232 4311 1257 4360 S·
1274 4309 1298 4357 t.
1313 4309 1339 4358 6.
1354 4307 1413 4357 iod.
