3242 5138
336 424 400 484 rub
419 415 875 488 SINGULORUM'HBROROE
892 421 1148 488 subditum
1278 445 1348 486 ‘nau

156 570 363 652 inscriptum
390 573 459 635 Van
474 568 634 635 'Heusdius
650 579 693 636 ‘et
716 573 888 634 Peterman
915 546 982 634 rem
1001 572 1126 646 silentio
1147 574 1348 652 praetermitss

158 700 238 756 tunt.
279 694 315 756 ld
335 693 419 774 quoti
439 694 571 766 fortasse
590 695 745 774 optimum
762 701 838 756 erat.
872 694 934 756 sed
954 693 994 755 de
1013 693 1214 756 meretricum
1232 695 1350 758 amori-

155 815 217 885 bus
229 817 367 896 quinque
381 816 555 896 fragmenta
569 818 608 877 tt.
623 818 674 878 lv.
694 817 728 876 V.
744 817 796 876 ΧΙ.
813 817 895 881 xnt.
918 816 1120 896 intelligenda
1134 824 1227 887 eunte
1244 817 1351 881 similis

157 939 334 1020 argumenti
347 953 414 1004 esso
426 937 553 1032 uidetur
565 955 685 1025 uersus,
708 939 763 1018 qui
782 939 860 1000 olim·
874 938 958 999 libro
970 921 1080 1006 octavo
1093 938 1348 1003 adscribebatur:

157 1061 235 1128 Iuda
247 1062 435 1140 puroetotoe,
456 1061 628 1140 chlamydes
642 1080 678 1125 oe
689 1061 820 1122 herbula
838 1063 961 1141 primur
982 1060 1037 1122 sed
1058 1060 1142 1140 apud
1160 1060 1239 1123 Non.
1255 1080 1287 1142 p.
1300 1064 1349 1144 ²¹1⁸·

157 1181 239 1245 liber
253 1165 353 1246 nouus
372 1183 498 1250 citatur.
531 1185 648 1264 carpet
668 1184 744 1246 falso
765 1189 921 1262 parentato
940 1183 1038 1263 legit3
1059 1183 1179 1263 reliquia
1193 1203 1256 1263 mro
1272 1199 1352 1264 pet·-¹

157 1306 279 1368 tineent
310 1306 473 1368 insertum.
517 1305 578 1368 sed
607 1305 647 1368 de
675 1306 827 1374 uarietate
849 1302 1081 1369 lectionis-boc
1102 1304 1291 1378 notandum
1318 1307 1350 1368 in

157 1427 197 1492 ir.
213 1427 266 1488 lii.
276 1445 431 1490 *morcarus
445 1436 579 1490 curreret
596 1430 701 1512 nequis
715 1427 869 1508 expressit
882 1421 1055 1507 Conpetius.
1066 1427 1116 1488 dr.
1132 1419 1184 1488 ix.
1206 1427 1351 1488 niteram

158 1549 293 1628 insulam
312 1550 446 1629 fomento
460 1551 640 1612 omnicolorc
655 1551 788 1612 colustra
809 1567 880 1612 eum
894 1543 1133 1630 pianeinteiligi
1152 1567 1214 1610 non
1237 1550 1349 1630 possit,

157 1671 361 1734 Soboenbech
388 1653 432 1734 ita
460 1671 579 1732 scribit.
616 1671 861 1756 Hibero.iusulo
882 1671 1015 1750 fomento
1037 1689 1065 1732 o.
1087 1690 1113 1732 o.
1141 1670 1351 1746 hauddubie,

156 1799 199 1857 ut*
210 1794 242 1856 iu
264 1793 315 1860 illa
330 1801 427 1868 terra,
449 1810 540 1873 quam
557 1800 648 1872 poeta
662 1793 768 1860 verbis
786 1793 904 1854 Hibero
925 1794 1030 1854 insuto
1051 1789 1288 1872 significat,1his
1302 1811 1351 1856 re—

156 1917 266 1979 mediis
286 1913 429 1978 homines
449 1917 495 1976 uti
516 1915 671 1980 statuerit.
713 1914 774 1975 Sed
796 1913 870 1992 quid
892 1913 930 1974 ad
953 1912 1034 1976 baec
1055 1913 1153 1977 verba
1167 1915 1352 1994 explicanda

157 2039 246 2100 aliud
271 2039 483 2118 fragmentum
511 2048 550 2098 ex
577 2039 708 2099 ‘incertis
739 2037 919 2106 adiunctum
948 2037 1062 2098 iaciat:
1096 2039 1291 2102 iactans-mo
1318 2047 1353 2105 ut

155 2159 254 2240 febris
269 2161 472 2240 querquera'’·
483 2159 628 2239 equidem
649 2177 710 2220 nou
730 2159 885 2240 intelligo.¹
902 2158 1008 2222 Barth.
1023 2159 1155 2226 Adversa
1176 2162 1210 2226 L.
1225 2161 1348 2246 XXVii.

157 2297 185 2342 o.
201 2283 231 2344 iia
251 2281 334 2362 baec
350 2281 449 2343 habet
463 2301 470 2342 :
482 2282 579 2360 ·quod
606 2282 706 2343 insula
731 2286 763 2344 st
779 2280 893 2346 hibera
915 2300 953 2346 ea
971 2282 1012 2344 ad
1030 2283 1215 2358 colustrum,
1241 2290 1280 2344 nt
1303 2285 1351 2352 lac

156 2413 271 2464 novum
295 2403 441 2466 videatur
461 2403 579 2468 dicere.
612 2405 774 2466 Emacuta:
1072 2371 1074 2376 Ι

311 2523 415 2586 Gibrof
429 2543 508 2588 unus
526 2542 637 2605 pnsum
658 2526 792 2605 [omento
813 2527 1008 2598 omobotore,
1032 2525 1178 2588 colustra.
1223 2563 1226 2568 ·
1268 2565 1270 2572 ›
1339 2551 1342 2560 ·

155 2647 225 2708 scit
248 2651 358 2718 aurata
384 2646 490 2708 credo,
522 2646 632 2709 ieri.
662 2648 776 2725 Corpet
802 2648 880 2726 legit
905 2648 1000 2708 Loeso
1020 2648 1084 2706 ium
1105 2646 1351 2728 lacrimasquod
1411 2676 1414 2682 ·

156 2766 305 2836 mendum
331 2759 504 2846 scripturae
528 2774 604 2846 puto
627 2783 685 2845 pro
712 2767 804 2846 lonso,
826 2766 909 2846 quod
929 2769 962 2828 in
982 2768 1140 2831 nonnullis
1164 2769 1353 2831 editiorribns

155 2896 214 2951 est.
255 2887 353 2954 idem»
369 2885 444 2949 huic
463 2889 544 2951 libro
566 2888 605 2952 ir.
622 2892 650 2951 i,
672 2889 745 2951 iibri
767 2890 842 2952 noni
865 2886 1009 2970 adiungit
1029 2896 1070 2952 et-
1084 2891 1124 2951 ir.
1139 2891 1189 2964 57,
1213 2890 1282 2954 Lib.
1297 2893 1350 2954 tit.

155 3010 239 3091 quod
259 3012 302 3072 ita
323 3011 452 3078 scribit:
477 3013 737 3094 amiculuospcro
750 3021 840 3093 utpute
858 3029 996 3092 praecone
1012 3011 1108 3092 duod,
1131 3021 1260 3076 auctore
1281 3015 1353 3074 Pat-

155 3136 269 3207 merio‚
290 3135 395 3216 spicil.
410 3152 444 3215 p.
461 3137 529 3197 777.
546 3136 642 3198 verba
655 3155 667 3224 r¹
685 3144 728 3200 cst
747 3137 825 3216 supe
844 3136 966 3198 incuria
984 3136 1106 3198 librarii
1124 3153 1165 3198 ex
1177 3136 1352 3216 fragmento

156 3257 303 3320 Varronis
325 3258 549 3336 transcriptum
564 3265 668 3337 putat.
691 3289 725 3304 ·-
750 3258 836 3320 Libri
858 3259 934 3320 noni
958 3267 1178 3342 argumentum
1197 3260 1353 3322 nonnuliis

157 3379 433 3460 Grammaticorum
454 3382 638 3444 testimoniis
651 3383 725 3444 satis
742 3389 894 3470 apertum
907 3388 974 3454 est;
996 3383 1113 3462 quippe
1125 3383 1158 3442 in
1178 3399 1239 3461 quo
1259 3389 1352 3460 poeta

156 3503 237 3564 etde
248 3501 471 3586 orthographia
482 3511 514 3566 et
528 3504 568 3566 de
577 3504 691 3574 litteris
704 3505 913 3586 praecepisse,
930 3505 1097 3576 etheciiet
1111 3504 1204 3574 Ennii:
1214 3503 1353 3564 earmina

73 3606 78 3618 ,
156 3627 349 3702 emendasse,
361 3635 404 3691 vet
424 3626 558 3707 duplicis
580 3627 683 3707 genii,
699 3644 793 3706 quem
815 3625 905 3688 nobis
925 3626 1069 3692 omnibus
1086 3627 1264 3710 'adpositum
1284 3644 1352 3690 esse

155 3748 299 3811 Euclides
316 3751 493 3812 Socraticus
512 3750 638 3822 statuit,
659 3749 851 3816 mentionem
871 3749 983 3815 iecisse
1000 3749 1134 3812 dicatur.
1170 3750 1257 3830 Quae
1271 3767 1350 3830 quos

154 3869 247 3934 modo
267 3871 349 3932 inter
369 3885 401 3933 se
423 3872 681 3946 iunetainerint,
715 3869 800 3934 baud
822 3871 914 3934 facile
936 3872 1070 3945 dixerim
1101 3871 1156 3934 sed
1175 3879 1349 3954 poetarum,

155 4011 233 4074 quos
253 4011 346 4074 supra
366 3963 552 4070 memorari,
573 3995 707 4056 maxime
726 3994 851 4069 videtur
865 3967 1067 4075 ⁴vituperasse
1082 3995 1349 4080 orthographiam,

155 4117 238 4196 quod
262 4117 375 4185 aecius
396 4117 558 4196 geminatis
577 4116 738 4196 vocalibus
758 4117 854 4184 scribi
873 4118 982 4196 longas
1001 4116 1143 4196 syllabas·
1158 4117 1266 4179 votuit.
1285 4117 1347 4178 cir,

154 4239 282 4304 terent.
301 4243 410 4302 Scaur.
430 4258 465 4324 p.
481 4237 569 4302 aaut.
604 4239 739 4302 Accedit
755 4241 906 4303 iudicium
927 4239 1056 4314 arnobii
1083 4239 1155 4301 adv.
1181 4246 1290 4320 gentes
1306 4242 1348 4302 u.

155 4363 342 4428 otbitnde
360 4381 476 4445 quaeso
495 4370 543 4426 est
562 4362 651 4427 vobis
670 4369 792 4426 tontum
813 4362 985 4444 sapientiae
1000 4363 1221 4425 truditumi..
1240 4407 1246 4422 .
1268 4360 1350 4438 ¹Quia

192 4487 269 4528 bussi
280 4488 351 4539 turn·
1120 4503 1135 4544 c
