3286 5126
495 415 1017 490 aaaroannnrraxronrroa.
1270 435 1355 492 nvn

161 601 199 646 τε
219 577 281 644 καὶ
298 576 546 663 κατεμιμοῦντο
562 575 624 656 τὰς
638 572 832 656 σπουδαίας
851 573 1006 659 κινήσεις
1020 575 1078 642 ἐπὶ
1097 574 1138 642 τὰ
1158 573 1354 662 γελοιότερα
1416 631 1419 638 .

160 699 423 787 μεταφέροντες.
452 695 597 782 δηλοῦσι
624 695 654 766 δ’
677 700 716 764 αι
736 700 804 766 τῶν
826 695 1014 785 θριάμβων
1041 696 1172 766 εἴσοδοι
1201 696 1356 764 παλαιὰν

161 822 222 888 καί
248 821 438 909 ἐπιχώριον
464 814 573 888 οὖσαν
600 821 774 908 Ρωμαίοις
799 821 860 906 τὴν
889 821 1057 908 κέρτομον
1076 821 1134 887 καὶ
1165 821 1356 905 σατυρικὴν

160 943 315 1012 παιδιάν.
342 942 476 1026 ἐφεῖται
504 941 570 1028 γὰρ
603 942 675 1023 τοῖς
700 941 889 1028 κατάγουσι
914 941 975 1022 τὰς
1001 943 1101 1023 νίκας
1127 936 1297 1029 ἰαμβίζειν
1320 963 1357 1008 τε

160 1067 221 1132 καὶ
243 1063 499 1134 κατασκώπτειν
516 1065 598 1146 τοὺς
620 1064 915 1147 ἐπιφανεστάτους
927 1063 1060 1148 ἄνδρας
1081 1064 1199 1144 αὐτοῖς
1212 1085 1359 1149 στρατη-

160 1188 296 1270 λάταις,
326 1189 374 1270 εἰς
405 1186 568 1273 Αδήνργσι
599 1189 670 1269 τοῖς
699 1186 924 1272 πομπευταῖς,
953 1187 1025 1268 τοῖς
1049 1186 1190 1253 ἐπὶτῶν
1209 1181 1356 1272 ἅμαξαν

160 1309 330 1396 πρότερον
358 1307 434 1400 ἅμα
467 1307 656 1397 σκώμμασι
687 1307 979 1396 παροχουμένοις.
1012 1308 1073 1376 νῦν
1108 1305 1145 1374 δε
1176 1308 1356 1396 ποιήματα

162 1430 288 1519 ᾄδουσι
306 1429 526 1520 αὐτοσχέδια.
546 1429 638 1500 είδον
659 1428 697 1498 δε
721 1429 783 1498 καὶ
808 1433 846 1498 ἐν
870 1430 1004 1516 ἀνδρῶν
1024 1427 1204 1515 ἐπισήμων
1225 1432 1355 1514 ταφαῖς

85 1637 88 1640 ,
163 1551 238 1642 ἅμα
266 1557 341 1636 ταῖς
370 1551 496 1636 ἄλλαις
532 1557 691 1639 πομπαῖς
722 1555 1003 1640 προηγουμένους
1033 1557 1095 1640 τῆς
1124 1555 1243 1637 κλίνης
1272 1553 1355 1636 τοὺς

161 1678 372 1763 σατυριστόις
391 1677 526 1765 χοροὺς
547 1653 772 1764 κινουμένους
792 1678 853 1763 τὴν
873 1677 1027 1761 σικίννιγν
1038 1675 1191 1764 ὄρχησιν
1203 1675 1355 1759 μάλιστα

162 1799 250 1867 to
271 1801 343 1882 τοῖς
365 1801 433 1866 τῶν
461 1798 677 1886 εὐδαιμόνων
702 1797 852 1885 κήδεσιν.
882 1796 934 1866 ὅτι
959 1797 997 1864 δε
1026 1798 1105 1866 οὔτε
1123 1797 1261 1883 Λιγύων
1286 1799 1355 1866 οὔτ’

158 1924 350 2010 vasonum
374 1921 444 1990 ιον
472 1893 596 1990 emon
609 1923 708 1990 zon
733 1919 922 2006 μιρεεριι
946 1921 1013 1986 ιιι
1035 1921 1072 1986 ιι
1096 1923 1216 2004 learns
1241 1933 1355 1988 κιιιι.

161 2046 312 2114 κούνιον
332 2041 470 2133 εὕρημα
488 2045 512 2129 ἡ
533 2045 702 2129 σατυρικὴ
722 2043 847 2111 παιδιὰ
867 2043 928 2108 καὶ
949 2042 1102 2129 ὄρχησις
1122 2035 1175 2129 ἧν,
1194 2041 1268 2110 ἄλλ’
1286 2043 1355 2110 Ἐλι-

159 2168 281 2252 λήνενν,
302 2165 457 2246 δέδοικα,
470 2168 520 2256 μὴ
533 2167 593 2236 καὶ
605 2166 761 2255 ὀχληρὸς
775 2163 862 2232 εἶναί
875 2188 944 2232 τισι
955 2161 1068 2248 δόξαν,
1087 2165 1205 2253 λόγοις
1218 2167 1355 2234 πλείοσι

159 2293 372 2359 πιστοῦσθαι
391 2289 671 2379 ὁμολογούμενον
689 2291 834 2377 ’πρᾶγμα
856 2289 1105 2375 βοσλόμενος.”
1143 2291 1205 2370 Qui
1228 2289 1354 2369 quidem

159 2417 247 2480 locus
267 2417 348 2480 hanc
364 2417 484 2480 obrem
503 2417 636 2478 maxime
657 2422 704 2478 est
717 2415 937 2488 memorabilis,
959 2415 1043 2495 qnod
1063 2413 1229 2496 Dionysius
1247 2413 1352 2474 mimi-

159 2556 212 2601 oas
233 2539 302 2602 ilias
322 2540 503 2603 saltationes
525 2539 696 2618 antiquitus
719 2537 803 2618 apud
822 2539 977 2600 Romanos
995 2536 1152 2600 institutas
1164 2548 1231 2599 esse
1251 2542 1350 2618 putat,

159 2661 348 2741 easdemque
373 2677 390 2722 a
411 2659 538 2722 Graecis
558 2660 709 2738 repetitas
728 2675 796 2720 esse
816 2659 944 2730 statoit3
972 2657 1168 2736 quiquidem
1187 2671 1249 2718 non
1268 2673 1353 2720 oom-

157 2783 262 2844 munis
273 2782 551 2845 Grammaticorum
568 2797 656 2842 error
677 2785 734 2854 est,
757 2785 793 2840 m
812 2783 913 2858 nuper
933 2776 1058 2840 Mnnkio
1077 2778 1117 2840 (ie
1136 2778 1250 2840 fabulis
1264 2779 1352 2841 Atei·

155 2905 238 2966 lanis
257 2922 289 2983 p.
307 2904 354 2967 ti.
376 2902 512 2984 plaouit,
533 2903 589 2965 sed
610 2901 643 2964 id
663 2875 844 2977 confirmat,
866 2901 949 2981 quod
970 2901 1173 2982 plurimorum
1191 2897 1351 2963 hominum

110 3075 115 3081 .
157 3027 320 3089 doctorum
339 3025 489 3088 iudicium
513 3032 575 3100 est,
604 3027 755 3106 populum
777 3025 920 3087 Latinum
940 3026 1002 3088 iam
1023 3025 1191 3105 antiquitus
1212 3027 1351 3086 Graeco·
1404 3036 1406 3044 “

156 3161 227 3212 rum
240 3149 368 3212 ooioniis
387 3165 464 3229 prae
483 3149 597 3212 oeteris
616 3149 732 3210 italicis
752 3148 875 3228 populis
893 3144 933 3210 ad
954 3148 1177 3210 humanitatem
1195 3146 1352 3227 quandam

157 3271 252 3334 inisse
279 3271 465 3335 institutum.
498 3271 556 3334 etr.
586 3273 640 3334 Dr.
668 3271 780 3333 itainh.
798 3269 914 3332 Klotz:
949 3268 1125 3336 Handbuoh
1155 3271 1212 3332 der
1241 3270 1349 3332 latein.

156 3391 431 3475 timoraturgesoh.
449 3391 543 3456 ‘naoh
570 3394 633 3457 den
661 3393 794 3472 Qnellen
824 3393 1011 3455 bearireitet.
1038 3393 1095 3454 Th.
1112 3395 1135 3454 i.
1156 3412 1188 3473 p.
1205 3392 1262 3454 aaa
1281 3409 1349 3471 sqq.

156 3521 189 3578 et
217 3533 310 3595 quem
339 3516 392 3580 ilie
422 3517 546 3590 iaudat,
581 3517 709 3597 Dionys.
732 3515 831 3582 tinio.
856 3517 896 3575 ll.
918 3514 948 3576 Ξ.
978 3513 1033 3575 nbi
1053 3513 1093 3576 de
1111 3514 1207 3576 variis
1227 3514 1351 3594 populis

158 3637 333 3718 expositum
365 3646 428 3714 est,
463 3641 516 3719 qui
549 3640 658 3702 Albam
691 3642 827 3718 Longam
860 3637 1086 3700 confinxerant.
1135 3637 1244 3716 Neque
1273 3651 1351 3714 qnos

156 3759 253 3824 ttoni
267 3760 306 3824 de
320 3763 489 3842 Pomponio
510 3762 695 3824 Bononiensi
714 3761 822 3824 laudat
840 3759 1063 3822 Grammaticos
1077 3757 1160 3820 aliud
1181 3757 1348 3830 affirmant,

155 3901 250 3965 quam
282 3890 398 3946 certam
426 3886 582 3965 quondam
615 3883 847 3946 similitudinem
878 3881 1027 3944 Atellanis
1059 3897 1131 3942 oum
1160 3880 1353 3942 Graecorum·

155 4007 297 4068 dramate
322 4007 456 4089 satyrico
487 4007 599 4082 tuisse,
628 4007 688 4069 nir.
713 4009 789 4068 Mar.
812 4005 952 4068 victorin
978 4023 1010 4084 p.
1026 4003 1113 4065 atat.
1142 4000 1268 4066 Patsoh.
1293 3967 1354 4082 nui

155 4147 228 4192 oum
251 4129 291 4191 de
311 4127 429 4210 Satyris
453 4129 576 4191 loeutus
595 4137 695 4205 esset,
722 4127 784 4190 hoo
804 4127 910 4190 addit:
938 4141 999 4205 quo
1023 4126 1208 4206 spectatoris
1228 4123 1350 4186 animus

154 4248 238 4311 inter
263 4249 368 4314 tristes
387 4267 439 4314 res
463 4252 598 4333 traginas
620 4253 797 4328 relaxetur,
823 4251 905 4331 quod
930 4249 1074 4311 Horatios
1094 4253 1244 4322 testatum
1265 4245 1348 4326 quod

152 4389 257 4454 genus
283 4373 381 4436 nostri
409 4375 442 4436 in
475 4373 623 4437 Atellanis
652 4373 803 4438 habent.”
854 4375 917 4434 imo
951 4371 1116 4435 Diomedes
1146 4371 1199 4432 iii.
1228 4385 1261 4450 p.
1277 4351 1374 4429 tat.

193 4491 269 4536 ιιειο
284 4493 356 4550 ιη..
1096 4511 1115 4578 9
