3250 5136
537 468 662 536 A'IQUE
683 468 1013 527 OBSERVATIONUM.
1318 473 1365 526 157

176 618 260 672 etiam
278 619 408 684 divitias,
429 618 464 671 ab
484 615 596 670 homine
612 631 698 672 avaro
717 631 825 672 summa
843 633 909 673 cura
929 618 1082 674 eustodItas
1096 621 1172 674 recte
1185 619 1285 688 aliquis
1299 636 1365 673 aar·

177 712 224 758 tas
243 712 333 760 tector
354 706 447 760 dicat:
468 705 519 758 sed
533 705 600 774 qnid
619 706 656 759 sIt
673 709 790 760 dicitius
802 711 911 759 motare
927 707 945 761 i.
961 721 977 760 e
996 706 1120 761 vendere
1134 707 1181 762 rix
1200 707 1363 776 intelligam.

178 789 281 848 Contra
299 795 327 847 in
348 793 490 848 locutione
508 810 595 847 sacro
612 793 694 858 factu
711 797 783 848 vitiu
802 808 857 847 non
877 793 1013 863 estquod
1033 795 1178 854 offendas:
1203 799 1268 848 sunt
1293 796 1365 850 enim

177 882 243 938 vitia
265 881 463 950 intelligenda,
491 894 565 950 quae
591 882 629 936 ita
659 883 815 938 inveterata
839 885 918 948 sunt,
947 885 976 936 ut
1004 897 1055 950 pro
1080 883 1168 937 sacris
1187 880 1358 942 habeantur3

177 976 287 1034 mutare
305 969 394 1024 estin
414 969 499 1024 alium
519 969 612 1022 locum
632 970 784 1023 transferre
802 970 852 1022 cIr.
874 967 957 1024 Ovid.
978 967 1030 1038 Ep.
1051 985 1087 1024 ex
1106 968 1203 1026 Ponto.
1219 969 1240 1024 1.
1258 970 1363 1026 Lirnn.

176 1061 260 1128 inque
286 1059 379 1112 Iocum
404 1055 535 1127 Scythico
554 1072 672 1110 vaenum
692 1057 822 1112 mutabor
848 1058 883 1112 ab
911 1055 1001 1112 arcu”
1025 1057 1096 1112 haec
1120 1057 1203 1127 igitur
1227 1061 1366 1114 sententia

176 1148 321 1220 scriptoris
341 1150 401 1200 est:
427 1143 493 1200 Noli
510 1145 640 1200 aliorium
660 1145 763 1200 imilari
782 1145 946 1214 stultitiam,
973 1147 1020 1216 qui
1051 1146 1131 1212 vitia,
1157 1147 1259 1216 quibus
1282 1163 1365 1202 asne-

177 1239 293 1302 verunt,
313 1234 454 1290 mordiens
473 1236 577 1288 tenent.
600 1230 662 1296 Quo
681 1249 765 1288 sensu
781 1235 805 1289 si
823 1231 893 1288 haec
906 1234 993 1290 verba
1009 1235 1169 1303 accipimus,
1189 1241 1276 1290 temam
1294 1236 1366 1290 adeo

175 1324 292 1380 retineri
309 1325 420 1392 potest,
447 1321 512 1390 qnia
532 1321 615 1388 vitia,
636 1335 709 1390 quae
729 1322 811 1376 alicui
830 1320 1002 1389 inhabitant,
1030 1322 1228 1392 significantur.
1252 1327 1280 1378 tu
1298 1324 1366 1379 mibi

176 1412 296 1466 tortasse
321 1425 462 1479 oppones,
490 1424 524 1463 eo
551 1424 635 1464 sensu
662 1410 708 1464 vel
732 1409 808 1478 ipsas
835 1409 947 1466 divitias
974 1410 1029 1465 dici
1053 1425 1138 1480 posse
1162 1413 1279 1478 mutari,
1309 1414 1365 1468 i.e

175 1500 311 1568 proiici,”
337 1498 387 1552 sed
412 1513 475 1552 cum
501 1500 611 1552 mutare
633 1511 760 1563 merces,
787 1511 886 1552 aurum
906 1502 935 1552 et
956 1498 1010 1552 alia
1035 1498 1174 1554 eiusmodi
1193 1515 1279 1554 sensu
1298 1515 1365 1569 pro-

175 1588 236 1656 prio
256 1589 357 1642 usitata
375 1587 444 1653 sint,
472 1586 521 1641 vix
544 1583 614 1640 haec
636 1585 675 1639 iia
701 1585 754 1640 dici
780 1600 865 1654 posse
892 1587 1060 1654 putaverim.
1097 1586 1213 1642 Accedit
1232 1583 1365 1642 Codicum

175 1677 341 1741 auctoritas,
362 1687 436 1743 qnae
455 1674 483 1728 in
505 1677 638 1741 qnantum
658 1671 719 1727 fieri
738 1676 848 1742 potest,
868 1674 1015 1742 interpreti
1035 1674 1137 1728 tuenda
1157 1681 1209 1730 cst.

244 1762 306 1817 Lib.
326 1758 434 1816 XXVI.
458 1760 498 1814 lt.
525 1764 553 1815 tu
580 1775 631 1830 pro
653 1766 757 1828 populo
780 1760 915 1815 emendas
937 1765 1140 1828 populandum
1166 1777 1220 1832 qno
1249 1764 1365 1818 consilio

175 1851 288 1917 nescio;
309 1851 398 1906 rurba
416 1849 491 1903 enim
514 1851 570 1902 tam
588 1848 708 1917 abrupta
721 1851 800 1916 sunl,
822 1854 853 1903 nt
870 1849 919 1903 vix
936 1849 1104 1916 constituas,
1124 1850 1190 1919 qnid
1211 1851 1263 1905 sibi
1282 1857 1365 1920 poeta

176 1939 313 2004 volnerit3
334 1937 401 1993 mibi
424 1935 539 2008 quidem
558 1937 693 2006 optimum
713 1951 778 1992 esse
798 1937 947 1992 videbatur
969 1937 1057 1991 verba
1082 1938 1248 2006 seiungere,
1275 1940 1314 1994 ita
1336 1945 1366 1994 nt

177 2027 229 2081 hoc
248 2027 352 2081 dictum
369 2042 435 2080 esse
447 2025 595 2088 videatur3
615 2022 669 2078 hoo
687 2025 802 2094 qnidam
821 2029 850 2079 et
867 2026 970 2094 populo
990 2029 1098 2094 gratnm
1117 2030 1146 2080 et
1164 2027 1363 2096 scriptoribus;

175 2130 231 2186 quo
245 2116 357 2170 nomine
376 2118 406 2168 nt
423 2116 580 2168 scribarum
594 2113 668 2182 apud
689 2112 803 2169 Festum
817 2128 899 2168 omne
914 2128 1001 2182 genus
1018 2115 1205 2169 litteratorum
1220 2114 1364 2170 bominum

178 2203 363 2270 significatum
383 2217 448 2256 esse
466 2202 643 2270 putaverim3
663 2202 691 2256 id
712 2203 797 2270 igitur
816 2217 932 2270 agamus
946 2202 993 2256 vel
1010 2202 1071 2269 egi,
1093 2207 1121 2255 nt
1141 2203 1248 2258 animos
1266 2220 1364 2259 eorum

175 2291 243 2348 mibi
268 2291 467 2355 conciliarem
494 2290 570 2360 qnod
589 2290 617 2345 in
637 2291 732 2359 aliquo
750 2291 906 2358 prooemio,
928 2289 975 2344 ubi
1001 2291 1035 2343 de
1061 2305 1112 2343 sno
1132 2291 1273 2346 scribendi
1298 2308 1365 2346 con-

176 2381 238 2435 silio
258 2380 403 2449 exposuit,
432 2379 484 2433 dici
511 2379 610 2448 potuIt.
632 2381 817 2445 popularibus
844 2378 919 2447 quod
946 2381 973 2432 tu
1001 2379 1120 2447 posuisti
1145 2379 1213 2434 mibi
1235 2380 1306 2435 hane
1328 2381 1364 2434 ob

176 2484 236 2523 rem
255 2467 472 2536 improbandum
495 2481 560 2520 esse
578 2466 708 2531 videtur,
736 2467 810 2534 qnod
830 2466 982 2535 populares
1001 2467 1154 2536 scriptores
1183 2468 1231 2522 illo
1250 2469 1365 2539 quidem

177 2561 303 2625 tempora
323 2555 436 2609 luerunt
453 2555 538 2620 nnlli,
567 2554 620 2606 nisi
649 2554 719 2606 torte
751 2555 841 2622 ipsum
869 2552 1006 2608 Lucilium
1035 2557 1158 2624 excipis,
1188 2559 1235 2626 qui
1257 2559 1363 2627 primus

164 2647 202 2698 *iu
227 2644 281 2697 hoc
306 2642 448 2696 scribendi
468 2655 573 2710 genere
593 2641 731 2708 insignem
759 2641 873 2695 landem
891 2641 1010 2710 adeptus
1030 2647 1080 2696 est.
1117 2641 1159 2697 De
1183 2648 1273 2699 metro
1294 2645 1364 2700 nihil

175 2733 243 2785 certi
266 2735 389 2785 statuere
416 2730 529 2794 audco;
558 2743 658 2783 versus
685 2730 812 2798 dactylici
839 2744 904 2784 esse
934 2731 1078 2798 videntur,
1105 2732 1156 2786 sed
1184 2747 1239 2786 non
1263 2735 1364 2802 integri

176 2822 257 2886 sunt3
282 2819 310 2874 in
335 2817 390 2872 line
416 2817 574 2872 addiderim
601 2831 732 2886 aequum,
758 2818 794 2872 ad
814 2833 928 2873 versum
948 2819 1119 2888 explendum
1139 2820 1260 2874 tortasse
1280 2823 1364 2877 eliam

176 2909 312 2961 voluimus
330 2907 434 2961 rectior
453 2908 580 2959 tuemur:
601 2910 659 2960 tum
678 2909 753 2960 totus
771 2921 872 2962 versus
891 2907 929 2961 ila
949 2907 1133 2962 scribendus:

312 2993 391 3048 Nunc
408 2994 506 3048 itidem
524 2995 628 3064 populo
647 2995 750 3050 iustum
770 2998 798 3050 et
816 2995 1000 3064 scriptoribus
1019 3010 1159 3066 aeqnnm;

311 3081 458 3136 Volnimus
478 3097 580 3150 capere
601 3083 709 3138 animos
727 3084 849 3138 illorum.

177 3169 233 3226 Sed
256 3171 403 3241 sequeutia
429 3173 550 3224 metrum
578 3170 745 3242 dactylicum
772 3174 907 3241 respuunt
938 3177 965 3227 et
992 3175 1123 3242 proprius
1153 3175 1188 3230 ad
1215 3176 1364 3232 iambicum

177 3260 330 3314 accedunt:
353 3259 390 3313 ita
412 3258 527 3313 fluctuat
545 3259 667 3327 animus,
696 3264 724 3315 et
743 3260 886 3314 metricam
906 3261 1042 3316 rationem
1066 3262 1095 3316 in
1113 3263 1207 3317 medio
1225 3265 1362 3335 relinquo.

245 3344 302 3402 Cur
326 3347 388 3402 Lib.
416 3345 552 3402 XXVIII.
573 3346 598 3400 7.
630 3351 791 3403 socratium
817 3353 1002 3416 quadrantem
1022 3351 1229 3420 emendaveris,
1250 3356 1364 3423 assequi

177 3449 231 3488 non
256 3437 342 3505 potui.
386 3436 505 3492 Reteres
537 3435 607 3489 haec
634 3436 669 3490 ad
694 3435 868 3506 Aristippum
894 3438 969 3507 apud
999 3436 1163 3507 Dionysium
1188 3440 1235 3495 diu
1267 3457 1364 3495 como-

178 3529 303 3589 rantem,
327 3527 355 3577 et
371 3538 495 3592 memor,
517 3524 633 3578 clientes
656 3538 671 3576 a
692 3525 817 3592 patronis
836 3526 980 3594 sportulae
998 3526 1060 3580 loco
1079 3527 1264 3597 quadrantem
1283 3545 1365 3585 acce-

178 3611 271 3679 pisse,
290 3610 410 3666 tortasse
430 3612 542 3667 ludibrii
563 3625 648 3666 cansa
668 3608 740 3665 hunc
759 3627 903 3667 nummum
922 3615 957 3668 ab
976 3614 1120 3684 Aristippo
1139 3614 1273 3686 Dionysio
1296 3619 1364 3674 mis-

178 3715 240 3754 sum
257 3713 322 3756 esse
336 3704 452 3754 statues.
480 3699 633 3757 Praeterea
649 3701 835 3768 quadrantem
849 3707 877 3757 et
890 3703 959 3757 alias
973 3703 1048 3771 apud
1067 3701 1202 3758 Lucilium
1215 3720 1363 3761 occurrere

179 3787 244 3843 mihi
264 3787 390 3843 obiicies.
423 3786 502 3842 Haeo
521 3789 613 3844 omnia
639 3788 688 3843 tibi
716 3790 849 3857 concedo,
869 3791 920 3845 sed
940 3792 1091 3846 etiamnum
1111 3793 1258 3848 lectionem
1280 3791 1364 3851 Codi-

177 3892 239 3930 cum
266 3877 383 3931 relineo.
416 3873 489 3939 Quid
519 3879 592 3932 enirn
618 3877 761 3946 quadrans
786 3875 929 3934 Socratius
959 3880 1013 3934 sibi
1041 3880 1126 3948 velit,
1154 3896 1209 3935 non
1226 3883 1361 3954 intelligo.

180 3965 222 4018 'In
248 3965 367 4020 tortasse
394 3962 504 4030 dtioioo
531 3965 569 4019 ita
594 3965 698 4020 dietum
723 3970 815 4034 putas.
854 3965 910 4021 Sed
941 3968 1008 4037 qnid
1033 3966 1086 4021 boc
1110 3969 1145 4022 ad
1169 3969 1363 4040 Aristippum?

179 4051 234 4108 Sed
263 4068 329 4106 num
356 4055 518 4106 aumatium
546 4067 597 4121 pro
624 4057 800 4109 Socraticum
829 4055 924 4110 dicere
945 4055 1043 4123 liceat,
1072 4057 1177 4112 nescio.
1213 4055 1364 4128 Comparet

187 4143 287 4211 aliquis
315 4143 411 4195 Ionius
441 4143 468 4194 et
497 4142 608 4194 Ionicus
635 4147 663 4197 et
691 4143 764 4210 qnod
793 4147 820 4196 et
847 4144 938 4212 Ipsum
961 4145 1035 4213 apnd
1061 4143 1196 4201 Lucilium
1224 4148 1361 4203 occurrit:

187 4233 362 4293 Emathium
386 4231 522 4296 Pelosqus
547 4231 576 4281 el
601 4230 778 4300 Peleaqr'cus,
802 4233 920 4285 Perseus
939 4235 968 4286 el
985 4234 1133 4300 Persicus,
1160 4237 1188 4287 el
1212 4248 1285 4304 quae
1308 4236 1362 4291 alia

181 4312 211 4369 id
231 4329 317 4384 genus
336 4318 442 4385 passim
461 4316 623 4382 laudantur,
651 4319 700 4371 sed
720 4333 858 4388 nusquam
879 4334 924 4374 me
943 4318 1016 4375 bunc
1033 4321 1150 4376 turmam
1175 4322 1278 4392 legIsse
1301 4339 1362 4379 me-

185 4403 261 4458 mini
294 4401 353 4458 lam
378 4407 538 4461 sanctium
565 4406 630 4470 quid
651 4406 844 4463 intellexeram
866 4423 931 4464 essa
955 4409 1014 4463 tere
1032 4409 1124 4477 idem,
1151 4408 1225 4479 quod
1249 4409 1362 4468 chartae
