3242 5138
275 450 344 499 mv
471 437 522 496 oa
541 435 786 524 sinemurum
802 437 1000 500 xruuoauu
1017 437 1273 504 mautrauers

353 582 446 662 Quod
469 584 594 665 septimi
617 581 691 646 libri
717 593 936 666 argumentum
967 587 1079 662 fuerit,
1107 587 1202 669 plane
1228 589 1383 652 incertum
1399 597 1468 652 est.

277 707 465 770 Petermaan
486 703 577 781 „boc
596 705 695 782 libro,
717 707 836 787 inquit,
857 707 993 772 Lucilius
1013 709 1077 790 egit
1094 708 1139 772 de
1156 729 1192 774 re
1204 711 1314 774 uxama
1334 717 1366 774 ct
1386 726 1474 774 ama-

276 830 374 906 toria,
400 829 433 892 id
463 829 526 892 iam
553 828 765 911 fragmentum
792 829 1000 908 demonstrat,
1031 831 1116 913 quod
1143 834 1247 896 Dousa
1275 835 1375 916 primo
1400 835 1472 899 loeo

274 952 379 1034 posuit
399 958 460 1016 etc.
480 953 548 1016 iere
562 953 666 1015 omnia
686 954 806 1033 reliqua
820 953 994 1034 fragmenta
1009 955 1135 1035 aptead
1147 957 1232 1019 -illud
1252 964 1472 1038 argumentum

275 1072 388 1136 referri
407 1075 569 1155 possuntt
595 1072 821 1138 Schuenbeck:
843 1074 974 1143 fortasse
993 1082 1085 1156 poeta
1106 1077 1292 1142 feminarum
1304 1079 1472 1145 'libidinem

275 1196 503 1272 insectabatur;
530 1196 586 1258 ubi
618 1198 801 1260 llatronulia
829 1205 861 1260 et
884 1199 939 1278 qui
962 1199 1022 1262 illis
1041 1200 1187 1264 simillimi
1208 1209 1280 1264 sunt
1298 1201 1367 1264 dies
1385 1203 1469 1277 festi,

273 1319 449 1382 Saturnalia
468 1318 601 1399 tetigit’?
645 1319 706 1382 Sed
726 1322 922 1384 Dueutzerus
942 1321 981 1385 de
1001 1317 1213 1403 voluptatibus
1232 1323 1405 1388 libidinosis
1421 1327 1472 1406 agi

276 1441 457 1516 contendit;
486 1442 554 1503 Van
590 1441 746 1506 lleusdius
775 1445 819 1506 nil
849 1445 927 1507 certi
950 1449 1087 1508 statuere
1117 1445 1222 1509 audet.
1258 1448 1321 1508 lam
1349 1446 1472 1527 singula

273 1564 449 1644 fragmenta
461 1564 545 1644 quod
564 1565 690 1643 attinet,
712 1564 773 1628 hou
787 1567 862 1630 satis
875 1567 1072 1634 manifestum
1086 1573 1150 1644 est,
1171 1569 1271 1648 primo
1286 1575 1318 1632 et
1331 1571 1471 1632 secundo

275 1685 450 1767 fragmento
481 1688 521 1752 de
552 1689 629 1752 rixis
660 1691 828 1770 coniugum
857 1689 923 1770 agi,
954 1689 1010 1753 sed
1039 1689 1225 1753 infimorum
1243 1666 1403 1755 hominum
1430 1711 1471 1755 ex

276 1809 369 1892 plebe
387 1811 439 1875 rel
462 1829 623 1878 servorum
654 1813 768 1890 eredo,
797 1825 930 1893 quocum
952 1811 1034 1874 *lacit
1061 1812 1101 1874 ir.
1116 1815 1167 1875 lv.
1195 1831 1256 1892 quo
1277 1814 1344 1878 dies
1372 1815 1471 1878 iaetus

278 1951 439 1998 servorum
460 1935 614 2014 Sigillaria
634 1936 860 2017 significantur.
900 1936 948 1999 nd
969 1923 1169 2007 meretricum
1188 1953 1310 2001 amores
1327 1943 1470 2018 spectant

275 2055 316 2117 ir.
331 2056 383 2130 x„
407 2056 450 2116 Xl
470 2062 503 2116 et
520 2055 590 2116 Xll.
631 2056 746 2117 Contra
773 2075 905 2136 spureae
930 2057 1069 2122 libidinis
1094 2059 1279 2139 'significatio
1308 2060 1406 2122 estin
1427 2059 1467 2122 ir.

273 2177 369 2240 xxu.
384 2185 416 2240 et
438 2179 478 2241 n.
494 2178 546 2240 vr.
568 2195 586 2240 a
606 2177 720 2257 quibus
738 2179 877 2242 mausus
896 2180 951 2258 qur
970 2177 1153 2255 aaronem,
1177 2182 1286 2262 paren
1307 2149 1466 2243 describit.

276 2300 315 2362 lr.
332 2301 385 2363 lll.
406 2303 470 2364 Nec
490 2317 553 2362 non
566 2299 781 2380 'fragmentum
798 2301 834 2362 V.
858 2301 1026 2362 munditias
1045 2297 1163 2380 pathici
1182 2304 1273 2382 pueri
1293 2306 1469 2384 exprimere

275 2420 410 2497 videtur,
442 2438 576 2501 quocum
600 2421 709 2500 aliquis
732 2422 901 2502 coniungat
920 2423 959 2484 tr
974 2423 1056 2484 ΧΙΙΙ.
1078 2439 1159 2502 quae
1179 2423 1305 2502 quidem
1324 2427 1469 2490 luxuriae

277 2665 434 2750 elegantes
454 2667 623 2730 turmarum
643 2673 835 2748 spectatores
856 2647 919 2730 siut
937 2668 977 2731 tr.
992 2669 1073 2732 xlv.
1099 2686 1171 2731 cum
1187 2671 1311 2743 contra,
1330 2667 1385 2747 qui
1408 2663 1470 2730 sibi

275 2792 486 2872 praescieris
509 2793 585 2854 culti
609 2799 702 2871 atque
728 2790 842 2855 eruditi
866 2809 934 2855 esse
960 2793 1117 2868 videntur,
1145 2792 1246 2854 omnia
1267 2798 1469 2853 contemnant

277 2931 359 2995 quae
380 2913 420 2976 al)
441 2914 639 2996 elegantioris
659 2913 742 2976 vitae
763 2913 849 2974 cultu
869 2910 1041 2977 abhorrent
1064 2915 1103 2976 tn
1119 2915 1171 2974 tx.
1192 2921 1225 2976 et
1243 2914 1309 2975 XV.
1344 2911 1405 2976 Sed
1425 2913 1466 2976 tr.

259 3037 343 3099 ·llll.
369 3037 507 3118 praemia
536 3033 663 3098 militiae
689 3039 913 3108 memorantur,
941 3042 973 3098 ct
997 3035 1037 3098 ir'.
1052 3036 1228 3098 XVI-XX.
1251 3041 1315 3098 tam
1335 3027 1469 3116 abrupta

278 3167 368 3235 suut,
398 3167 434 3223 ut
462 3159 539 3224 nihil
569 3159 649 3223 certi
678 3159 753 3222 iude
784 3157 1018 3238 colligassnisi
1045 3157 1128 3220 torte
1158 3158 1199 3220 tr.
1220 3159 1314 3220 XVll.
1335 3159 1469 3221 sirecte

174 3303 185 3328 ι
277 3283 375 3347 verba
394 3285 536 3348 restitui:
563 3285 679 3346 calloso
705 3301 741 3344 oc
769 3282 840 3344 bene
857 3283 952 3362 pleno
978 3299 1035 3342 ooo
1062 3288 1133 3342 tuno
1153 3281 1271 3342 olorum
1292 3299 1327 3342 oo
1350 3283 1469 3346 anseris

277 3407 394 3472 cotim’
416 3409 587 3472 remedium
608 3405 765 3488 quoddam
779 3403 987 3466 adveneram
1002 3401 1186 3464 irritandam
1200 3402 1386 3484 significant.
1408 3401 1470 3464 sed

276 3549 344 3597 rem
368 3533 402 3595 in
430 3534 534 3598 medio
558 3533 711 3609 relinquo.
751 3529 856 3609 Longe
887 3528 1020 3608 plurima
1041 3525 1137 3606 igitur
1157 3525 1333 3606 fragmenta
1353 3524 1469 3588 autad

278 3658 472 3719 meretricios
493 3666 547 3720 aut
567 3654 606 3717 ad
629 3669 798 3733 puerorum
815 3665 945 3731 spurcos
964 3665 1085 3713 amores
1103 3649 1278 3728 pertinent,
1300 3655 1332 3710 et
1352 3648 1391 3710 ad
1412 3664 1470 3710 eo·

277 3793 347 3840 rum
373 3778 533 3842 hominum
558 3773 681 3848 studia,
713 3773 766 3853 qui
797 3773 966 3834 effrenatae
994 3767 1132 3832 libidinis
1156 3777 1239 3832 suut.
1281 3771 1387 3849 Quare
1416 3771 1471 3851 qui

277 3899 368 3962 aliter
387 3906 544 3975 statuunt,
568 3887 695 3961 rideant
714 3892 868 3974 quomodo
886 3891 966 3954 baeu
987 3891 1178 3971 argumentis
1197 3893 1392 3956 confirment.
1431 3869 1434 3874 ’

355 4026 401 4086 De
433 4023 506 4084 libri
537 4021 638 4085 octavi
668 4023 851 4099 argumento
879 4011 1084 4077 Schuenbeck
1112 4013 1155 4076 ita
1175 4015 1323 4080 ‘disserite
1361 4060 1383 4091 ‚,
1396 4013 1471 4078 llibi

279 4147 404 4228 quidem
433 4152 527 4228 poeta
557 4147 653 4208 vitam
686 4139 886 4204 domesticam
918 4138 1097 4218 exposuisse
1125 4137 1263 4211 videtur,
1300 4139 1470 4218 qualesque

278 4271 381 4335 bonae
402 4269 542 4349 coniugis
562 4267 694 4331 virtutes
715 4279 782 4327 esse
802 4261 986 4324 deberent!¹
1024 4258 1239 4323 bueutuerus:
1261 4261 1301 4322 de
1323 4261 1471 4324 meretri-

279 4411 350 4458 eum
376 4391 534 4460 illecebris
560 4398 686 4475 poetam
719 4382 959 4612 egisse
949 4389 1023 4446 ''et
1049 4383 1163 4446 librum
1192 4381 1346 4446 fornicem
1374 4383 1471 4446 luisse

317 4640 1115 5106 silbo
