3274 5134
283 439 316 494 cc
635 415 638 418 ’
670 439 701 496 e.
722 435 860 498 Lucum
883 439 1089 507 caurorum

281 585 331 647 50.
359 585 538 650 Favitorem
561 587 618 648 tibi
640 604 706 659 me,
729 585 883 661 amioum,
906 592 1079 649 amatorem
1099 591 1203 668 putes.

282 701 331 762 ti.
365 701 400 764 Ut
419 720 503 764 nunc
528 703 586 764 bac
610 719 644 762 re
668 681 745 763 mibi
770 719 863 784 opem
890 707 985 784 atque
1007 696 1159 763 auxilium
1184 701 1311 764 offeras.

281 815 330 877 bb.
360 815 426 878 Vos
446 817 568 878 interea
588 815 696 879 lumen
718 809 857 890 adferte,
881 821 975 898 atque
997 815 1110 878 aulaea
1136 815 1297 879 obducite.

281 931 330 994 da.
361 930 456 1005 Quod
480 937 510 992 te
530 932 705 1006 intromisi,
727 931 860 1016 gratiam
882 930 1000 993 reserat
1019 931 1107 992 mihi.

281 1045 330 1107 id.
363 1047 442 1107 Tum
463 1045 543 1107 iliud
568 1045 705 1129 epiioni,
730 1045 818 1129 quod
843 1045 938 1107 etiam
963 1051 1027 1106 tum
1052 1043 1161 1106 nobile
1183 1051 1241 1106 est.

281 1161 330 1223 55.
366 1157 443 1223 Crus
466 1161 593 1242 lapide,
615 1161 693 1223 nihii
719 1167 784 1235 est,
810 1159 960 1233 caedam,
986 1159 1014 1221 si
1039 1166 1070 1222 te
1091 1160 1270 1221 offenderit.

280 1273 341 1337 iii.x
360 1277 461 1337 Nemo
482 1275 542 1337 hos
564 1275 719 1356 ancipites
738 1273 823 1337 ferro
845 1275 992 1357 effringat
1015 1274 1172 1337 cardines.

280 1391 329 1452 57.
360 1390 459 1452 Vecte
484 1396 578 1473 atque
601 1389 732 1470 ancipiti
751 1389 836 1453 ferro
858 1389 1024 1473 effringam
1045 1391 1203 1453 cardines.
1252 1471 1254 1478 y

280 1503 329 1568 58.
357 1498 784 1588 Hiemem'unamquamque
809 1523 948 1586 carpam.

280 1619 329 1680 59.
360 1617 646 1690 Pluteos'excutit,
671 1623 820 1701 tectaque
845 1625 876 1681 ei
899 1620 1080 1682 testudines
1099 1619 1215 1682 reddit.

279 1734 329 1794 50.
360 1732 451 1795 Adde
473 1732 554 1793 aiios
579 1727 689 1793 omnes
712 1729 793 1794 meo¹
811 1733 933 1814 periclo
959 1753 999 1794 ex
1023 1733 1145 1796 ordine.

279 1847 328 1909 51.
355 1845 522 1928 Paulisper
543 1846 713 1910 comedent
731 1847 795 1909 iam
819 1867 881 1921 me,
905 1847 981 1910 dum
1000 1847 1081 1911 haec
1102 1867 1153 1922 se,
1175 1855 1210 1910 ut
1229 1849 1366 1933 polypus
1389 1851 1473 1934 ipsa.

170 2016 172 2022 .
279 1963 328 2024 52.
358 1962 476 2042 Surge,
500 1961 633 2036 mulier,
659 1961 766 2024 ducito
787 1962 877 2024 filum
901 1983 965 2025 non
989 1963 1118 2026 malum.

279 2077 329 2141 53.
362 2077 441 2138 Cum
465 2077 526 2158 ipsi
551 2076 708 2139 inlutum
733 2077 947 2151 descendant,
974 2097 1044 2140 cum
1067 2077 1147 2140 aiios
1162 2078 1340 2141 detrahant.

278 2192 330 2254 55.
356 2191 446 2266 Huc,
471 2190 536 2254 alio
560 2211 632 2256 cum
652 2191 714 2254 iter
736 2191 888 2266 haberet,
913 2193 1111 2273 praeteriens
1133 2189 1229 2256 uenit.

279 2307 328 2369 55.
359 2305 470 2381 Quid?
492 2325 571 2389 quas
595 2306 727 2388 partinet
746 2306 817 2387 ipse
840 2325 899 2387 pro
924 2306 1069 2368 doctrina
1090 2307 1191 2371 bonit

280 2533 385 2596 dtpum,
419 2531 525 2594 {mamm
551 2530 582 2579 ci.
609 2531 728 2579 Pmserat.
756 2523 861 2594 eo'tttpiie
895 2531 921 2580 et
938 2529 1134 2581 tesmdineiecte
1145 2533 1402 2596 murumupcreditur.
1415 2551 1477 2600 quo

279 2621 402 2671 auxilium
425 2623 486 2670 iem.
511 2619 542 2672 ci.
560 2621 674 2680 Bongars.
691 2617 805 2682 tudipuu’
821 2618 859 2679 se·
894 2621 969 2670 modo
989 2624 1049 2672 tecto
1074 2622 1100 2671 et
1124 2623 1251 2672 uetuduee
1273 2623 1339 2673 inter
1355 2635 1382 2674 se
1403 2625 1475 2676 dide-

279 2723 362 2760 romue
380 2711 411 2763 ci.
431 2711 452 2760 1.
470 2711 545 2758 Dosa.
565 2709 667 2758 simeo
685 2708 716 2756 de
734 2707 861 2775 11111ἰοὶ11-
895 2711 966 2774 rant‚
985 2707 1051 2758 haud
1070 2707 1138 2759 facile
1157 2709 1269 2764 dixerim.

280 2799 409 2860 teiligenda
426 2797 499 2860 sunt,
519 2795 550 2846 ad
561 2795 673 2860 coitipere
689 2809 749 2846 eaeo
761 2798 798 2845 vel
812 2797 859 2846 tale
931 2799 974 2852 do.
992 2801 1055 2849 Non.
1073 2811 1099 2860 p.
1113 2797 1173 2848 258.
1187 2800 1212 2847 1.

278 2887 338 2950 quid
359 2885 529 2948 supplendum.
617 2879 619 2883 ’
930 2887 972 2934 dt.
992 2887 1054 2936 Non.
1075 2899 1101 2948 p.
1118 2885 1175 2935 ite.
1189 2887 1215 2935 b.
1232 2887 1357 2950 paulisper
1371 2893 1410 2940 cui
1425 2905 1473 2941 me-

314 2976 355 3027 io.
372 2978 434 3024 Non.
454 2987 480 3034 p.
494 2973 537 3024 76.
554 2973 579 3021 b.
893 2974 997 3035 demtio,
1017 2977 1105 3024 medem
1122 2975 1178 3023 boec
1196 2986 1237 3043 oe,
1261 2973 1288 3028 u't
1302 2979 1405 3046 polypus
1420 2981 1474 3042 ipm

314 3063 357 3112 ti.
378 3064 440 3111 Non.
460 3073 486 3122 p.
500 3061 560 3110 sio.
573 3061 597 3112 b.
893 3062 927 3110 ita
948 3065 974 3112 L.
997 3065 1036 3112 oui
1060 3063 1178 3112 medentia
1203 3067 1243 3113 ti.
1269 3066 1309 3114 eui
1333 3069 1473 3130 moderantia

315 3133 357 3200 ti.
379 3149 599 3212 dompetram
619 3147 700 3197 tuum
714 3147 806 3208 adferte
818 3151 857 3197 W.
894 3152 932 3197 W.
951 3153 1072 3200 comederes
1090 3153 1141 3201 edet
1163 3153 1194 3199 ω’.
1214 3154 1277 3202 seat.
1303 3156 1341 3202 cui
1361 3169 1397 3204 me
1421 3159 1473 3204 dem

278 3239 354 3290 sciit.
372 3239 466 3300 auferte
482 3239 511 3288 1..
531 3239 603 3288 (1.1).
628 3237 721 3298 auferte
733 3236 813 3286 iumen
825 3237 856 3286 ei.
893 3240 944 3287 edet
961 3239 991 3288 ei.
1012 3243 1033 3288 l.
1053 3241 1084 3290 D.
1107 3241 1156 3288 lam
1175 3241 1293 3289 medentes
1311 3241 1406 3303 saepius
1417 3245 1473 3304 qui-

277 3329 361 3381 musa.
380 3328 471 3389 adferte
491 3325 569 3376 multo
586 3323 743 3387 probabilius.
894 3327 949 3375 dem
970 3341 1015 3390 pro
1034 3327 1144 3390 medicis,
1164 3327 1207 3376 sed
1227 3339 1276 3376 non
1293 3329 1410 3378 medentia
1427 3343 1473 3393 pro

314 3420 355 3468 15.
374 3419 437 3469 Non.
456 3430 480 3479 p.
494 3415 554 3465 259.
567 3415 592 3465 b.
893 3417 1090 3466 medicaminibus
1106 3417 1214 3480 ponitur.
1239 3416 1388 3465 coniecturis
1399 3419 1475 3479 igitur

313 3509 355 3556 tt.
373 3507 435 3556 Non.
454 3520 480 3567 p.
495 3505 556 3553 ito.
573 3517 594 3556 a.
618 3501 680 3552 iliud
697 3503 734 3552 eet
748 3502 807 3565 epis.
827 3503 855 3552 B.
893 3515 953 3566 opus
980 3507 1027 3556 est.
1053 3505 1183 3554 coniecerit
1212 3503 1322 3567 aliquis:
1350 3507 1475 3569 paulisper

276 3595 416 3662 ἐπιφαίνει
434 3595 465 3642 ci.
484 3595 570 3642 niusa.
589 3593 723 3640 etiamnum
739 3589 855 3643 ciidem.
891 3595 1010 3644 comedent
1037 3595 1087 3642 iem
1117 3604 1168 3654 me,
1201 3595 1258 3642 dum
1288 3593 1345 3643 duee
1374 3608 1413 3656 se,
1444 3613 1469 3646 u.

312 3685 356 3738 15.
375 3683 437 3730 Non.
450 3693 475 3741 p.
490 3679 550 3728 255.
564 3691 587 3726 a.
608 3691 663 3725 crue
680 3677 773 3739 lepide,
793 3679 857 3730 uibtl
889 3693 915 3743 p.
936 3683 953 3731 i.

278 3774 326 3832 eet,
352 3769 446 3816 credam
469 3765 491 3814 si
515 3770 537 3814 ie
559 3765 684 3823 offenderit
701 3763 778 3815 codd.
803 3781 857 3818 eue-
927 3769 970 3818 52.
989 3771 1050 3818 Non.
1073 3778 1098 3830 p.
1113 3764 1173 3816 iit.
1199 3769 1276 3819 demite
1294 3767 1372 3822 codd.
1392 3773 1471 3823 ducito

277 3859 332 3906 dom
352 3855 452 3904 demea
469 3855 615 3904 coniectura.
650 3843 658 3860 '
860 3905 864 3914 ,
890 3859 921 3906 D.
943 3859 1016 3906 recte.
1048 3845 1051 3850 ’
1079 3919 1082 3924 Ι

313 3945 356 3994 td.
377 3946 439 3994 Non.
461 3958 487 4008 p.
503 3943 598 3994 idda.
927 3946 970 3993 da.
989 3946 1050 3994 Non.
1070 3957 1095 4006 p.
1112 3944 1170 3993 197.
1185 3945 1211 3994 b.
1240 3945 1365 3996 intutum
1384 3949 1422 3996 w.
1443 3949 1471 3996 1..

313 4037 355 4083 m.
374 4035 435 4084 Non.
454 4032 515 4081 ibid.
892 4029 968 4082 tetum
986 4032 1013 4084 B.
1034 4031 1061 4081 iu
1080 4031 1157 4082 locum
1174 4035 1201 4082 Α.
1216 4035 1280 4085 1).1.
1298 4036 1424 4084 mceuduut
1439 4035 1471 4083 ei.

313 4123 355 4172 id.
374 4123 436 4174 Non.
455 4135 480 4188 p.
495 4121 554 4170 171.
568 4121 591 4172 b.
890 4121 965 4170 Palm.
984 4133 1009 4190 p.
1020 4121 1067 4170 97.
1086 4123 1117 4170 al.
1132 4135 1170 4184 ap.
1184 4123 1216 4171 1).
1233 4124 1305 4172 diere.

313 4209 590 4274 concupiisse.
613 4209 738 4259 redditi).
760 4209 856 4258 reddero
927 4209 968 4260 dt.
986 4211 1047 4263 Non.
1073 4225 1098 4273 p.
1119 4210 1179 4258 era.
1203 4209 1229 4260 b.
1261 4209 1305 4257 doe
1334 4206 1384 4256 cito
1413 4209 1473 4262 mss.

276 4300 381 4363 explicat
398 4301 491 4363 fucere.
509 4299 586 4362 plutei
603 4298 710 4348 turrium
728 4295 801 4346 eredo
819 4295 857 4344 in-
892 4297 964 4347 11111.
985 4297 1030 4348 ime
1047 4301 1079 4354 li.
1099 4299 1162 4348 bunc
1179 4298 1234 4348 libri
1252 4295 1331 4347 nostri
1347 4309 1438 4350 omnes.

277 4386 402 4452 tettipendi
425 4387 497 4452 suni,
524 4399 586 4452 quos
608 4385 759 4450 oppugnator
777 4381 858 4437 deiicii
928 4387 970 4438 de.
988 4387 1051 4437 Non.
1069 4376 1098 4451 pl
1110 4386 1168 4438 521.
1182 4399 1205 4436 a.
1267 4386 1272 4400 “
