3286 5126
379 441 429 500 DE
447 437 689 502 SINGULORUM
708 441 905 504 Llnnontttt
920 439 1176 506 nnnuttttnnts.
1283 463 1380 509 nnxttt

347 589 430 652 Milia
451 589 620 651 ducentum
640 589 789 654 frumenti
810 591 883 652 tolle
903 589 1093 656 medimnum

342 711 415 774 Vini
435 711 519 773 mrito
539 712 663 776 endum.
689 712 748 775 eir.
769 715 842 777 lior.
864 715 928 776 Set.
945 715 968 774 l.
984 715 1012 774 l.
1027 714 1076 776 ts.

381 833 463 897 lllilia
484 833 634 894 frumenti
655 841 707 896 tua
730 835 852 896 triverit
871 851 944 898 area
965 842 1090 898 centum
1113 869 1145 884 -
1261 881 1262 886 η
1377 831 1381 838 ’

341 957 379 1018 lit
391 998 487 1018 .....
510 965 609 1035 aeque
632 955 788 1018 trunisoor
810 973 869 1036 ego
890 973 926 1018 ao
948 963 993 1018 tn.
1022 957 1081 1019 cir.
1103 959 1177 1021 lior.
1195 959 1378 1027 8.Ι.1.1ῆ-
1420 1025 1426 1034 ,

257 1079 330 1140 ‘lton
351 1084 422 1140 tuus
441 1075 502 1162 hoo
522 1078 626 1159 capiet
642 1087 755 1143 venter
773 1080 843 1159 plus
862 1095 956 1159 quam
975 1097 1072 1142 mens.
1109 1083 1146 1144 D.
1168 1087 1273 1145 antem
1292 1079 1378 1146 hune

186 1191 299 1264 librum
319 1201 351 1262 in
380 1201 555 1266 arentiam·
569 1175 730 1266 cuiusdam
755 1203 857 1284 gentis
876 1203 1027 1282 seriptum
1051 1219 1119 1266 esse
1139 1204 1268 1279 statuit,
1295 1203 1377 1284 apud

186 1339 280 1403 qnam
298 1325 405 1386 vinum
420 1325 553 1394 insuave
575 1332 767 1390 nasceretur.
809 1325 878 1404 Qua
901 1327 934 1388 in
959 1343 994 1388 re
1021 1326 1065 1388 nil
1093 1329 1191 1406 magis
1210 1343 1303 1406 quum
1322 1327 1379 1390 ho·

187 1447 304 1510 minum
327 1445 491 1538 doctorum
518 1447 681 1511 audaciam
701 1445 838 1523 mireris,
865 1449 920 1527 qni
944 1465 984 1510 ex
1009 1449 1118 1528 paneis
1139 1448 1297 1522 versibus,
1325 1449 1378 1528 qui

186 1586 226 1631 ex
250 1576 315 1632 toto
340 1569 421 1638 libro
448 1569 560 1649 reliqui
587 1563 674 1646 sunt,
706 1569 846 1635 eiusdem
873 1577 1090 1652 argumentum
1115 1571 1257 1640 invenire
1287 1587 1377 1651 posse

186 1691 246 1756 sibi
271 1693 329 1756 visi
355 1699 438 1756 sunt.
479 1691 657 1772 Eademque
684 1692 797 1754 satirae
825 1691 1078 1757 undevicesimae
1098 1700 1150 1754 est
1172 1693 1263 1766 ratio,
1291 1693 1380 1756 onius

184 1831 264 1894 quae
285 1821 420 1878 nentem
440 1812 791 1894 tulerunttragmontn,
817 1820 880 1874 tam
901 1813 1024 1876 diversa
1045 1821 1134 1889 sunt,
1163 1821 1279 1894 utque
1301 1833 1375 1896 spe.-

185 1943 291 2012 otent,
316 1953 356 1998 ne
379 1938 559 1998 coniectura
579 1935 706 2015 quidem
728 1935 850 2014 assequi
877 1951 967 2016 posse
987 1935 1133 1998 videaris.
1173 1936 1377 2002 Nihilominus

184 2064 290 2122 tumen
310 2059 468 2122 ileruerus
493 2058 525 2120 in
550 2059 628 2120 Non.
650 2077 682 2138 p.
698 2057 767 2119 nte.
789 2057 848 2128 sibi
869 2064 1045 2138 temperare
1073 2075 1135 2122 non
1155 2059 1273 2138 potuit,
1301 2058 1375 2138 quiin

185 2200 224 2242 ex
247 2181 283 2241 ll.
300 2187 332 2244 et
351 2183 403 2244 ltl.
427 2181 601 2260 fragmento
616 2180 793 2260 colligeret,
819 2180 994 2260 disputasse
1013 2181 1164 2249 Lucilium
1184 2183 1224 2242 de
1244 2180 1373 2258 eolooo,

183 2304 224 2365 de
255 2322 323 2383 qno.
350 2303 434 2384 apud
463 2305 646 2366 Ciceronem
681 2303 923 2378 Themistocles,
959 2308 1031 2366 uter
1053 2305 1105 2366 ¹sit
1137 2302 1373 2383 praeferendus,

184 2427 285 2502 virne,
310 2426 364 2506 qui
383 2428 518 2506 pecunia
540 2434 650 2508 egeat,
673 2445 713 2491 an
733 2428 878 2507 poeonia,
900 2443 980 2506 quae
1003 2427 1093 2489 viro?
1112 2427 1176 2490 Cio.
1191 2426 1243 2489 Off
1266 2428 1305 2490 ll.
1327 2425 1375 2490 ΞΟ.

180 2549 241 2611 Sed
263 2567 301 2611 ex
321 2549 459 2612 seeundo
482 2549 656 2629 lragmento
685 2547 747 2612 hoo
772 2551 845 2612 satis
865 2558 1008 2629 apertum
1026 2555 1091 2623 est,
1121 2556 1245 2628 poetam
1260 2549 1374 2612 iubere

181 2671 323 2737 homines
337 2689 391 2734 ess
412 2669 680 2751 pontremulum,
705 2670 818 2749 quibus
832 2671 971 2736 adversis
984 2671 1177 2751 temporibus
1196 2671 1241 2733 uti
1261 2670 1355 2735 lineat
1363 2690 1373 2743 ;

181 2811 244 2873 qua
267 2794 299 2854 in
320 2791 531 2859 admonitione
550 2791 681 2856 tortasse
706 2794 849 2873 exemplo
868 2792 1027 2866 lormione,
1050 2799 1085 2854 nt
1100 2791 1244 2855 lloratins
1263 2793 1326 2857 Snt.
1348 2793 1373 2857 l.

182 2915 210 2978 l.
226 2915 274 2978 55.
298 2933 371 2978 usus
386 2922 442 2979 est.
464 2917 632 2984 Praeterea
653 2917 771 2978 notatio
784 2916 866 2980 inest
888 2911 988 2990 llnnii,
1003 2913 1113 2994 tragici
1134 2920 1263 2995 postne,
1286 2913 1375 2979 onius

180 3053 306 3100 versum
325 3038 366 3102 ob
380 3038 505 3100 inanem
519 3037 687 3102 verborum
700 3039 835 3106 sonitum
855 3035 1060 3118 reprehendit
1069 3057 1079 3114 ;
1100 3036 1140 3100 de
1159 3052 1220 3116 quo
1234 3037 1293 3103 etr.
1309 3037 1373 3102 cio.

179 3161 270 3224 Tusc.
292 3162 379 3242 Disp.
402 3162 426 3221 l.
441 3161 490 3222 to.
508 3161 574 3222 tot.
604 3163 822 3236 „Exsecrntnr
844 3161 1012 3224 luonlsntis
1031 3177 1107 3224 sane
1127 3161 1269 3230 uersibus
1290 3158 1374 3240 apud

183 3283 313 3344 Ennium
326 3281 494 3363 Thyestes,
517 3284 651 3364 primurn
666 3291 702 3345 ut
716 3284 879 3364 naufragio
903 3291 1015 3363 pereat·
1033 3285 1146 3345 Atreus
1156 3282 1292 3356 udurnm
1312 3281 1374 3348 hou

180 3423 277 3480 sane;
298 3405 368 3470 talis
391 3405 473 3467 enim
492 3407 637 3468 interitus
658 3424 718 3478 non
740 3413 788 3468 est
807 3406 874 3468 sino
894 3407 983 3486 gravi
1002 3422 1114 3468 sensu:
1136 3406 1189 3466 illa
1208 3405 1335 3469 turma:

333 3530 405 3609 lpse
426 3529 552 3591 summis
571 3529 653 3590 suxis
670 3525 750 3590 fixus
770 3527 905 3608 asperis,
927 3527 1129 3600 evisceratus,

334 3655 448 3719 Latere
467 3651 626 3733 pendens,
649 3669 724 3716 saxo
744 3669 895 3734 spargens
914 3650 1011 3726 tubos
1025 3650 1113 3717 saule
1132 3655 1165 3712 ot
1282 3683 1285 3688 ·

332 3775 489 3856 Sanguine
509 3785 589 3838 ntro.
624 3800 629 3808 ¹

180 3895 248 3957 Non
269 3894 337 3975 ips'u
358 3912 431 3958 saxa
450 3899 550 3980 magis
569 3917 662 3962 sensu
685 3899 767 3960 omni
787 3898 958 3974 vocabunt,
988 3915 1080 3978 quarn
1105 3897 1162 3966 ,illo
1188 3895 1281 3960 tauro
1299 3913 1376 3974 peu·

179 4017 263 4091 deus,
293 4017 345 4080 oui
373 4035 406 4080 se
431 4017 484 4081 hio
513 4021 696 4084 cruciatum*
718 4028 826 4084 censet
851 4029 970 4108 optare.
998 4037 1079 4100 qnae
1100 4027 1203 4085 essent
1222 4019 1318 4093 dure,
1346 4018 1372 4080 si

178 4141 330 4214 sentiret3
351 4140 436 4212 nullo
457 4142 523 4206 sine
544 4161 639 4206 sensu
657 4143 762 4209 sunt.'’
796 4144 888 4222 Quod
907 4143 1033 4224 quidem
1048 4143 1204 4217 tiemonis
1223 4139 1373 4220 iudicium

178 4279 216 4324 ex
238 4269 344 4325 nostro
366 4263 436 4324 loco
458 4281 734 4343 expressum-esse
761 4265 854 4330 duro.
895 4265 943 4330 nd
969 4267 1125 4332 seenioam
1150 4263 1258 4347 poesin
1285 4261 1371 4327 hand

178 4383 272 4450 dubie
292 4387 452 4466 pertinent
472 4386 565 4450 etiam
585 4387 699 4468 fragm.
720 4389 771 4452 lll.
794 4396 827 4452 et
845 4390 883 4452 V.
906 4390 1090 4468 quonum'in
1111 4390 1209 4454 ultore
1227 4384 1371 4456 sueniose
