3274 5134
528 409 580 466 EX
610 409 829 470 SATIRARUM
854 411 925 470 tls.
945 412 981 469 X.

162 555 211 618 tt.
238 581 272 602 -=
287 589 320 602 -
346 555 420 638 lpsa
442 561 530 618 secet
553 555 642 618 corio
666 556 774 620 omnia
796 557 875 620 lora.

163 671 212 731 25.
239 671 276 734 Ut
300 671 461 751 discrepat
482 670 543 732 hac
567 689 662 754 quem
685 672 792 754 rapuit
814 671 930 754 Apollo
953 670 1011 734 liat
1032 691 1119 754 erpo.

160 785 210 846 ab.
237 785 381 848 Cursavit
404 791 438 848 ut
459 784 487 854 si
510 783 700 851 trumentum
725 786 873 850 clunibus
898 793 1025 850 vannat.

258 1083 260 1088 ,
651 1011 785 1082 Lus.
810 1009 870 1080 X.

189 1132 215 1189 l.
885 1177 890 1196 .
1044 1131 1109 1194 llo·

238 1261 350 1306 norum
377 1248 425 1304 est
446 1242 599 1306 iudicium
623 1243 763 1317 Crassis,
789 1245 834 1306 uti
858 1244 1043 1327 scripsimus
1059 1217 1151 1310 ’anta

239 1356 309 1418 lloc
333 1363 401 1420 ast:
427 1357 505 1440 quid
528 1360 675 1420 sumam‘l
699 1358 777 1442 quid
797 1360 886 1422 nont
910 1358 943 1421 in
966 1377 1095 1443 quoque
1118 1360 1272 1426 locemus.

181 1472 211 1534 it
235 1472 322 1534 Pone
345 1471 516 1553 paludatus
539 1473 645 1536 stabat
666 1473 799 1536 rorariu’
822 1473 928 1539 velox.

154 1586 212 1677 2⁰¹·
237 1585 390 1661 Quamvis
417 1587 565 1650 desubito
590 1587 678 1650 uinis
703 1587 863 1654 deducere
887 1587 995 1652 scalis.

181 1701 212 1761 t.
235 1700 396 1762 Tonsillas
420 1719 550 1782 quoque
573 1700 767 1782 praevalidis
789 1700 975 1764 inionibus
999 1707 1102 1781 aptas.

179 1800 210 1876 5,
234 1814 400 1878 Fluctibus
426 1815 632 1898 eventisque
655 1813 798 1876 advorsis
820 1813 953 1876 tirmiter
976 1821 1093 1876 essent.

165 1981 354 1994 οα-ι-ι--ιι-ιο-

197 2077 239 2131 st.
256 2081 349 2130 cbrrls.
365 2094 391 2144 p.
404 2081 450 2130 bt.
466 2081 563 2134 iocod.
583 2083 634 2132 estc
652 2083 739 2144 ipsori
771 2081 814 2130 illa
833 2084 862 2131 ut
886 2079 1007 2144 discrepat
1026 2080 1072 2130 bac
1089 2082 1120 2132 ab
1134 2093 1164 2131 ao
1183 2094 1256 2145 quem
1275 2083 1351 2147 rapsit

149 2169 200 2228 ‘ccc
217 2165 284 2218 undo
300 2167 371 2220 liud.
389 2169 452 2218 boue
468 2170 587 2221 coniecit:
603 2173 669 2224 ccccl.
850 2215 854 2222 ,
1048 2169 1132 2232 Apollo

196 2256 239 2308 td.
257 2257 338 2307 Sebol.
363 2258 481 2320 Porphyr.
508 2257 540 2307 ad
562 2261 622 2307 lior.
649 2257 738 2310 ama
772 2257 1224 2320 rapacprorapattemmdoctralc.
1237 2260 1349 2322 debeas.

160 2345 186 2396 9.
199 2345 242 2393 ⁷8.
273 2345 349 2406 „boc
376 2347 407 2394 de
423 2358 496 2395 sensu
519 2347 647 2395 Homerico
668 2359 738 2395 sum-
774 2348 804 2396 ll.
824 2346 850 2396 9.
870 2346 1015 2396 Schmidtius
1033 2349 1116 2398 contra
1133 2349 1232 2410 rapuit,
1250 2349 1352 2410 ropaoit

157 2433 220 2497 psit,
240 2430 290 2487 τὸν
302 2429 499 2508 δ’ἐξηρπαξεν
512 2433 648 2488 Απόλλων
665 2447 739 2496 quem
773 2435 812 2483 vel
829 2435 921 2496 ropioit
935 2433 1065 2497 legendum
1083 2437 1187 2488 censuit.

122 2567 128 2574 .
159 2524 185 2572 et
210 2523 315 2572 Lucilius
340 2523 367 2572 in
391 2523 444 2572 Sat.
464 2525 503 2573 lX.
530 2523 735 2585 repraesentavit,
807 2523 850 2572 26.
867 2525 928 2573 Non.
946 2535 973 2583 p.
992 2523 1033 2574 li.
1051 2525 1076 2574 b.
1100 2523 1252 2586 cassatisque
1276 2529 1306 2576 ot
1321 2529 1349 2575 l'.

159 2609 193 2660 sic
212 2611 310 2660 dicens:
335 2611 369 2662 Ut
387 2609 506 2671 discrepat
523 2611 584 2671 hac,
603 2623 676 2671 quam
693 2620 736 2658 ra-
771 2612 836 2658 Dusa
853 2621 991 2671 perperam.
1009 2611 1117 2660 cassavit
1132 2612 1170 2662 W.
1189 2613 1216 2661 L.
1234 2612 1296 2662 llss.
1314 2615 1347 2662 ld.

158 2698 213 2759 puit
227 2699 328 2760 apollo,
349 2697 391 2745 liat
408 2710 476 2758 ergo.
493 2697 610 2757 significat
627 2697 660 2745 sic
676 2697 737 2745 liba-
772 2699 799 2748 l.
819 2697 896 2744 lato.
920 2695 986 2744 idem
1010 2697 1170 2758 fragmentum
1190 2701 1272 2748 Boura
1289 2699 1349 2750 falso

82 2837 85 2844 ,
159 2789 239 2836 ratum
255 2783 311 2837 se.’''
325 2785 368 2832 ubi
383 2783 467 2832 Lucilii
478 2785 504 2833 et
513 2784 652 2834 scholiastae
663 2783 736 2833 verba
771 2784 833 2833 libro
853 2785 937 2832 cctam
954 2785 1089 2846 adscripsit.

158 2873 257 2926 contusa
274 2885 327 2923 esso
346 2871 480 2922 videntur:
499 2871 614 2920 condicio:

686 3015 770 3062 ms.
784 3014 822 3060 Χ.

195 3120 287 3167 Veteres
305 3115 403 3166 olomuc
420 3118 447 3166 tn
463 3118 516 3167 aito
536 3120 565 3166 Δ.
578 3117 670 3166 uras.-
689 3117 736 3167 sed
770 3117 813 3167 dat
835 3117 941 3179 positum
967 3118 1014 3167 cst.
1051 3118 1221 3170 recitantem
1244 3119 1351 3173 lucilius

158 3219 229 3268 mox,
248 3207 277 3254 ut
293 3219 309 3256 a
324 3206 405 3256 schola
420 3207 449 3260 et
462 3205 582 3267 magisbis
594 3205 735 3268 diverterat,
771 3208 820 3255 tam
830 3207 870 3256 vel
881 3208 906 3255 iu
919 3207 992 3256 tertio
1003 3205 1065 3255 libro
1076 3208 1103 3255 ct
1113 3219 1178 3256 nouo
1190 3210 1216 3258 ct
1227 3208 1348 3258 declmc.”

156 3295 219 3344 lecto
244 3295 307 3344 libro
331 3294 416 3344 Lucilii
441 3294 549 3356 dodum,
579 3293 735 3344 rebe-enter
805 3297 903 3345 l.lton.
915 3309 942 3356 p.
952 3295 1013 3345 269.
1025 3307 1048 3346 a.
1060 3294 1180 3346 bonorum
1190 3296 1348 3347 coddrectc.

157 3382 253 3432 Satires
273 3392 418 3444 componore
443 3382 553 3443 studuit,
584 3381 655 3430 culus
680 3382 736 3430 librl
770 3381 887 3432 bonoim
903 3386 969 3432 Dosa
989 3381 1076 3432 boram
1094 3385 1125 3432 cl.
1144 3383 1217 3432 liotb.
1236 3382 1347 3430 discribi-

159 3469 303 3531 priocipium
315 3471 423 3521 imitatus
439 3473 489 3530 cst,
508 3471 555 3520 sibi
570 3471 659 3531 primo,
678 3483 736 3518 mox
770 3483 824 3520 mac
843 3471 924 3531 libri,
951 3471 1116 3530 &smpsimus
1141 3469 1172 3517 ci.
1195 3471 1279 3516 illusa
1311 3467 1350 3520 uti

159 3556 443 3618 eunomianorum,
476 3570 530 3608 cum
558 3559 625 3608 tanta
649 3570 736 3608 mocu—
770 3559 909 3618 scripsimus
925 3560 956 3607 lt.
970 3559 1000 3606 G.
1024 3558 1098 3606 totius
1122 3557 1195 3619 igitur
1214 3555 1260 3605 loci
1277 3556 1348 3606 lectio

159 3641 221 3690 tium
240 3644 368 3704 poetarum
385 3647 410 3694 ct
427 3646 550 3694 oratorum
568 3646 733 3709 insectatione,
771 3631 888 3707 utsupra
906 3644 1075 3696 constituenda
1091 3657 1144 3694 csse
1160 3645 1268 3694 videtur.

159 3732 188 3780 ut
216 3729 289 3780 ctiam
314 3734 432 3784 Neronem
461 3734 601 3796 culpaverit.
631 3733 676 3783 etr.
705 3736 734 3783 l.
807 3736 833 3784 a.
851 3736 914 3783 Non.
931 3748 957 3796 p.
972 3733 1032 3784 380.
1047 3747 1071 3783 a.
1092 3731 1154 3783 acles
1169 3745 1220 3794 mr.
1240 3736 1260 3782 l.
1280 3732 1350 3783 cclcc

159 3818 235 3885 Persii
252 3819 324 3881 ilarii
340 3822 433 3870 satirae
450 3822 494 3870 ad.
514 3824 572 3872 otto
590 3823 657 3874 labn.
676 3825 735 3873 Pro-
770 3822 826 3872 libri
845 3824 904 3874 ldsS.
920 3821 1066 3882 poturorum
1086 3823 1117 3870 ol.
1136 3824 1177 3870 llr.
1195 3824 1268 3872 Busa.

158 3907 207 3968 lep.
218 3921 251 3968 p.
264 3908 323 3956 erl.
342 3910 409 3969 etp.
424 3909 484 3958 258.
507 3927 508 3935 ¹
807 3912 832 3958 5.
852 3913 914 3959 lton.
933 3923 961 3970 p.
975 3908 1036 3959 sao.
1049 3922 1072 3957 a.

194 3995 346 4063 Porphyrion
365 3994 504 4047 tadmor.
519 4000 561 4050 lt).
582 3998 670 4050 addin
687 4001 737 4048 iio-
807 3999 832 4048 t.
851 3999 912 4047 lton.
931 3997 1070 4058 ploos.
1085 3997 1204 4047 coaetos
1216 3999 1275 4050 llas.
1295 4001 1350 4048 loo·

159 4085 237 4132 mis.-
266 4082 312 4133 Ns'l
332 4083 405 4132 comta
422 4085 519 4147 Tropict
536 4090 615 4137 motat
632 4087 738 4138 buddas
769 4085 888 4136 citha-ci.
908 4087 993 4137 illm·
1021 4083 1108 4134 ooliab
1123 4087 1185 4134 llos.
1201 4085 1352 4146 pmeootidit

160 4169 231 4220 scat
256 4173 314 4222 lieo
339 4173 404 4222 ridet
426 4181 509 4221 carm
528 4174 595 4224 uasa
617 4176 738 4235 mamiato
771 4177 846 4226 Turn.
866 4172 991 4236 praetcrea
1011 4171 1098 4231 ficibus
1122 4173 1149 4222 in
1173 4171 1270 4233 mnibus
1292 4185 1348 4222 mu-

160 4257 265 4310 mtnorcs
276 4260 384 4314 tcomis
400 4260 506 4311 Lucilios
523 4261 624 4322 proptor
640 4263 740 4312 orbml-
774 4263 883 4314 undum.

161 4344 236 4395 tatem
248 4347 464 4402 diciturctomtot
480 4359 567 4409 proco
579 4348 645 4409 quod
654 4363 738 4400 emcn-
811 4353 835 4398 c.
856 4353 918 4400 Non.
938 4363 963 4410 p.
978 4350 1038 4400 55⁰.
1059 4351 1086 4399 b.
1107 4351 1214 4399 odoacris
1233 4345 1308 4400 scat.

201 4457 276 4498 hullt
296 4459 367 4508 fragm.
902 4523 909 4538 Ι
1121 4433 1140 4491 3
