3250 5136
321 443 370 499 131

323 705 422 761 rabula

324 794 426 864 radon,
445 791 590 848 subvettor

324 883 385 937 rate
406 883 436 937 at
452 880 558 936 catulos

322 982 409 1024 rauco
428 968 589 1024 concionem

322 1070 442 1112 raasuro
460 1057 580 1126 tragicus

323 1159 356 1200 re
373 1146 403 1200 in
419 1158 478 1200 sec.

323 1233 434 1288 redisse
452 1248 486 1288 ac

324 1334 386 1375 rem
402 1335 554 1390 cognoscas

324 1422 420 1464 rerum
439 1408 625 1478 expilatorem

323 1626 344 1682 S
360 1630 489 1684 nostrum

324 1717 429 1774 saltere
447 1729 597 1771 muraenas

325 1805 418 1861 saluta
436 1805 515 1860 tactis

322 1892 438 1948 salvere
455 1892 554 1947 iubere

325 1977 436 2038 Sanctu’
456 1978 569 2050 Serapis

325 2082 395 2126 sane
416 2071 474 2124 tum

325 2159 446 2214 sannam
463 2145 531 2211 solis

325 2245 528 2301 sarcinatorem
548 2257 612 2300 esse

325 2330 536 2388 Sardiniensem
553 2333 656 2386 terram

326 2433 397 2476 saxa
414 2422 444 2473 at
462 2419 566 2474 stridor

326 2508 457 2566 scaberet
472 2509 503 2562 ut

325 2596 500 2666 sculptorum

327 2685 434 2741 scilicet
452 2684 499 2740 uni

326 2773 423 2832 5515515
441 2787 513 2843 puer

327 2859 475 2931 Scipiadae
493 2875 593 2931 magno

326 2949 379 3006 soit
396 2949 525 3022 poeticen

326 3037 397 3094 scito
415 3037 520 3094 etenim

327 3127 420 3180 scorta
440 3121 589 3194 Pyrpentia

326 3214 434 3270 5555555
455 3212 606 3280 tigueoiam

327 3314 410 3358 eacus
426 3314 489 3355 cum

327 3389 378 3448 scd
397 3388 461 3460 tuga
480 3387 591 3458 tingitur

326 3478 378 3536 aad
396 3477 464 3548 quid
485 3493 538 3548 ego

319 3553 378 3626 'aed
395 3569 489 3624 tamen

326 3654 453 3712 semissis
472 3655 523 3710 tac.

326 3757 412 3802 sensu
429 3743 594 3798 nutricatum

326 3827 433 3888 Serena
451 3827 555 3887 Caecili

326 3919 439 3974 sercuu'
458 3920 508 3976 tuit

326 4021 443 4077 serpere
462 4009 501 4063 uti

325 4110 472 4156 servorum
489 4100 533 4151 est

325 4199 425 4242 servus
443 4198 535 4257 neque

325 4273 350 4330 si
365 4275 473 4343 argenti

323 4362 347 4417 si
364 4361 449 4418 iacias

859 441 977 498 INDEX

893 589 930 648 R.

732 702 791 772 555,
812 701 861 756 555

746 788 791 862 55,
846 791 862 842 5

747 877 792 947 55,
830 877 862 932 55

748 963 793 1035 55,
826 965 861 1020 aa

748 1051 792 1123 55,
845 1053 861 1107 5

745 1141 788 1213 55,
827 1141 861 1196 55

749 1229 792 1300 55,
830 1227 862 1283 55

749 1317 794 1388 55,
828 1315 863 1370 m

747 1405 791 1475 55,
827 1403 863 1456 55

897 1509 928 1572 90

784 2107 792 2138 *a

748 2151 794 2470 &3352ae
735 1624 795 2120 ae„}ss3„-32„ae

828 1625 864 2560 aefflsseeg—nggss-——rq

747 2502 783 2558 ἐξ

784 2545 793 2574 i

748 2591 792 2662 55,
830 2592 863 2646 55

734 2680 793 2752 555,
828 2679 862 2734 55

750 2769 794 2842 55,
815 2767 865 2824 555

752 2858 796 2929 55,
848 2857 864 2910 5

750 2945 795 3015 55,
833 2947 863 2999 55

749 3034 793 3103 55,
847 3033 864 3086 5

749 3123 794 3194 55,
814 3121 863 3178 555

739 3205 795 3282 55,
830 3211 864 3266 aa

668 3331 671 3338 ,
749 3299 794 3369 55,
829 3299 863 3356 55

749 3387 792 3458 55,
828 3388 863 3442 aa

749 3476 793 3546 55,
829 3477 863 3530 55

748 3564 792 3635 55,
828 3567 862 3620 55

747 3654 792 3725 55,
846 3657 861 3710 5

745 3744 789 3813 55,
825 3744 859 3798 55

745 3832 789 3902 55,
810 3832 860 3888 aas

746 3921 790 3991 55,
811 3921 860 3978 555

763 4009 790 4081 5,
828 4012 860 4068 55

745 4097 788 4170 55,
842 4099 860 4156 5

744 4187 789 4258 55,
842 4189 859 4244 5

744 4277 787 4346 55,
823 4275 857 4329 55

741 4363 784 4433 55,
821 4363 855 4418 aa

961 701 1100 757 resultant
1117 701 1260 774 aedesque

962 803 1013 845 rex
1034 786 1120 845 Cotus
1196 835 1198 840 .

1386 703 1429 773 55,
1452 701 1507 755 555

1386 787 1429 859 55,
1486 787 1507 844 a

961 875 1078 934 Rhodus
1097 873 1278 948 Carpathium
1387 877 1430 948 85,
1467 875 1506 930 59

961 964 1093 1022 Romanis
1111 965 1185 1022 ludis

961 1056 1104 1108 ructantur
1120 1055 1237 1112 invenes

961 1157 1097 1212 rugosum
1114 1145 1198 1213 atque

961 1230 1057 1298 rugosi
1074 1231 1207 1302 passique

962 1318 1021 1373 ruis
1039 1316 1110 1373 traco
1129 1321 1158 1374 et

963 1627 989 1684 si
1005 1625 1051 1683 1555

963 1714 988 1770 55
1007 1715 1092 1772 155555

962 1803 988 1858 si
1003 1818 1051 1860 me
1067 1804 1178 1860 nescire

962 1891 987 1948 si
1005 1889 1074 1950 mihi

962 1981 988 2037 si
1004 1980 1173 2036 miserantur

963 2067 988 2124 si
1004 2071 1102 2124 movet

963 2154 987 2212 si
1004 2153 1114 2212 uatibus

962 2243 987 2298 si
1004 2243 1074 2298 nihil

962 2331 1061 2386 sinon
1082 2346 1108 2385 a.

961 2418 986 2474 si
1004 2432 1059 2474 nou
1078 2420 1108 2474 it.

962 2506 986 2562 si
1004 2521 1060 2562 non
1077 2510 1170 2564 555555

962 2597 986 2652 si
1003 2596 1077 2652 nosti

961 2685 986 2742 si
1004 2699 1087 2741 omne

961 2775 986 2832 55
1005 2774 1082 2844 qnod

960 2863 986 2919 si
1003 2862 1125 2920 retinere

960 2950 985 3008 si
1003 2953 1060 3006 tam

960 3037 985 3096 si
1002 3038 1054 3094 tibi
1070 3053 1155 3108 porro

959 3127 985 3182 si
1003 3141 1072 3183 vero
1090 3128 1142 3184 das

959 3215 1000 3272 sic
1017 3218 1131 3288 iuquam
1153 3219 1209 3273 vet.

959 3302 1000 3360 eie
1017 3304 1127 3374 laqueis

958 3391 1000 3448 sic
1016 3391 1175 3464 singiliatim

959 3481 1000 3538 sic
1019 3484 1048 3538 tu

958 3570 999 3626 sic
1017 3569 1066 3628 ubi
1084 3570 1120 3625 ad
1206 3602 1209 3610 ι

959 3657 1040 3716 saeuo
1055 3673 1120 3716 cum

958 3746 1040 3804 sicuti
1056 3745 1210 3806 mechanici

959 3833 1040 3894 555515
1059 3838 1087 3890 15

958 3924 1002 3980 sin
1020 3927 1115 3980 autem

959 4009 1114 4072 socratium
1132 4016 1199 4085 quid

957 4100 1047 4158 solam
1065 4118 1163 4160 auram

957 4190 1034 4248 solus
1052 4192 1109 4252 iam
1123 4192 1182 4247 rim

957 4281 1076 4352 sospitat
1093 4279 1217 4348 impertit

957 4382 1074 4440 sperans
1091 4369 1212 4424 aetatem

1388 964 1429 1036 55,
1466 965 1505 1019 ss

1368 1051 1430 1124 555,
1469 1053 1505 1108 55

1386 1141 1428 1211 55,
1485 1143 1505 1195 5

1385 1228 1429 1299 55,
1486 1229 1503 1282 5

1387 1317 1429 1388 55,
1466 1317 1503 1373 55
