3286 5126
279 440 314 486 rc
602 422 705 494 oute
722 421 952 484 LUCEIANAE
972 421 1147 484 SATURAB

278 573 384 636 liabeo
404 571 555 654 igiturin
575 571 796 651 antiquissimis
818 571 878 634 illis
903 573 1005 652 poesis
1025 573 1182 635 Romanae
1207 569 1386 654 primordiis
1409 575 1472 636 tria

281 713 409 777 genera,
433 697 603 769 scenicum,
629 695 772 774 lyricum,
795 695 936 774 epicum,
957 702 1024 756 tam*
1042 701 1129 758 arcte
1151 697 1282 758 intereo
1295 696 1412 775 iuncta,
1436 704 1472 760 ut

180 782 184 794 Ι
280 817 386 881 divelli
400 835 468 880 non
495 785 585 898 posse
605 817 811 880 videremur,
840 817 902 880 Sed
927 818 1082 880 scenicam
1104 819 1213 898 poesin
1235 819 1386 884 iuventus·
1406 825 1471 886 lio·—

214 1019 217 1025 .
281 917 525 1004 mana‘maaime
545 939 626 1002 ludis
645 941 705 1002 illis
726 941 878 1016 excoluit,
900 957 993 1020 quos,
1015 940 1158 1004 ludiones
1181 957 1221 1004 ex
1241 943 1364 1005 Etruria
1385 945 1470 1008 aeci-

281 1069 328 1125 tce
354 1062 521 1136 imitantes,
549 1062 733 1142 ingratiam
762 1069 973 1142 spectatorum
998 1063 1150 1137 edebant,
1186 1066 1269 1144 „qui
1297 1081 1362 1128 non
1391 1068 1472 1132 sieut

279 1194 367 1260 ante,
393 1185 583 1248 Fescennino
603 1185 707 1248 versui
727 1185 878 1259 similem,
903 1180 1141 1266 incompositum
1161 1193 1280 1250 temere
1302 1203 1338 1250 ac
1358 1191 1470 1255 rudem

278 1305 406 1370 alternis
434 1307 608 1382 iaciebant,
640 1307 695 1370 sed
720 1307 865 1388 impietas
886 1308 986 1371 modis
1004 1315 1140 1384 saturas,
1172 1310 1329 1392 descripto
1348 1311 1410 1374 iam
1430 1315 1470 1376 ad

281 1429 440 1492 tibicinem
464 1436 558 1492 cantu
584 1437 732 1510 motuque
756 1431 940 1510 congruenti
965 1430 1189 1512 peragebant?
1229 1431 1343 1512 Epicae
1369 1435 1471 1515 poesis

244 1621 246 1630 ,
278 1552 431 1616 clementa
454 1552 487 1613 in
509 1551 656 1615 laudibus
671 1555 858 1634 magnorum
880 1555 1018 1614 virumn
1039 1553 1196 1628 invenias,
1221 1573 1298 1634 quos
1320 1558 1470 1638 utsupra

276 1681 481 1736 raemoratum
502 1681 566 1748 est,
587 1674 620 1736 in
640 1675 741 1755 opulis
763 1675 803 1737 ad
824 1675 983 1737 tibicinem
1004 1693 1022 1737 a
1041 1676 1180 1739 convivis
1199 1676 1471 1742 celebrarisolitos

274 1812 345 1858 esee
376 1798 451 1858 Cato
481 1797 514 1858 iu
534 1795 716 1878 Originibus
745 1798 913 1860 memoriae
949 1795 1142 1878 prodiderat.
1194 1799 1377 1881 Quanquam
1409 1801 1470 1866 boc

276 1934 375 2000 penus
407 1937 448 1982 ne
481 1937 499 1980 a
525 1919 623 1999 lyrica
652 1921 779 1999 quidem
811 1923 899 2000 poesi
929 1923 1021 2002 longe
1048 1929 1201 1984 remotum
1226 1923 1321 1985 luisse
1341 1923 1467 2000 dixeris,

276 2041 348 2121 quia
363 2041 404 2102 ad
425 2039 585 2102 tibicinem
602 2041 795 2114 canebatur3
816 2043 929 2121 quibus
942 2045 1081 2106 carmina
1094 2039 1246 2108 simillima
1267 2046 1362 2110 tuisse
1381 2053 1468 2127 puto,

278 2181 358 2244 quae
367 2165 480 2226 Graeci
494 2165 696 2237 recentiores,
711 2163 838 2224 fortium
848 2165 985 2226 virorum
996 2169 1159 2247 praeclara
1169 2169 1253 2230 iacta
1262 2156 1469 2244 celebrantes,

276 2287 468 2350 cecinerunt.
506 2286 570 2347 Sed
588 2283 699 2350 cadem
720 2286 787 2348 iere
811 2288 984 2348 carminum
1005 2288 1085 2350 ratio
1108 2289 1204 2350 inisse
1224 2288 1358 2368 videtur,
1372 2303 1468 2372 quse

157 2399 161 2408 '
275 2409 457 2472 iudeorum
478 2407 627 2471 bonorem
647 2407 850 2484 canebantur,
874 2409 990 2489 quippe
1003 2409 1035 2470 in
1049 2409 1163 2488 quibus
1181 2411 1306 2473 illorum
1321 2412 1471 2478 maiestas

275 2531 419 2598 laudibus
440 2531 705 2605 emmennone
724 2539 992 2612 nuncuparentur,
1015 2533 1363 2612 preces-funderentur,
1386 2535 1470 2599 laeta

275 2657 404 2718 deorum
428 2655 678 2718 celebrarentur.
729 2654 791 2716 Sed
817 2656 979 2718 severioris
1004 2627 1118 2737 poesis*
1133 2657 1235 2719 studio
1264 2655 1343 2718 nibil
1370 2659 1471 2740 magis

276 2777 415 2840 moiseo
434 2777 569 2854 ridetur,
592 2792 685 2859 quam
704 2779 843 2842 scurrilis
866 2780 918 2842 ille
939 2781 1027 2860 lepos
1046 2788 1141 2861 atque
1155 2783 1331 2845 ’vernacula
1351 2782 1471 2846 festivi-

276 2909 322 2964 tas
339 2903 390 2963 rel
409 2903 512 2982 potius
532 2901 719 2963 mordacitas
739 2907 833 2982 atque
855 2903 1092 2977 maledicentia,
1114 2921 1207 2985 quam
1227 2911 1262 2966 ut
1281 2904 1314 2965 iu
1332 2905 1470 2968 moribus

277 3023 382 3115 populi
407 3023 500 3085 liberi
528 3019 660 3103 positam
687 3041 768 3097 esse,
799 3025 842 3084 itu
863 3024 903 3086 nd
926 3031 1090 3105 poetarum
1117 3025 1244 3106 ingenia
1265 3025 1469 3109 opprimenda

276 3147 442 3228 plurimum
462 3145 596 3208 valuisse
615 3153 702 3226 puto.
736 3171 738 3178 >
849 3173 863 3186 2·

353 3271 429 3330 Cum
453 3251 536 3331 enim
558 3266 664 3331 adhue
681 3267 770 3328 multi
796 3267 942 3342 iuirsent,
969 3269 1022 3348 qui
1041 3273 1166 3330 *tantam
1189 3267 1272 3332 iliam
1295 3273 1469 3336 litterarum

275 3391 409 3468 lauden,
435 3409 495 3472 qua
510 3389 622 3454 Graeci
643 3391 834 3465 claruerunt,
855 3366 999 3471 inprimis
1017 3407 1035 3452 a
1055 3391 1210 3454 libertatis
1222 3393 1325 3488 studio
1346 3401 1471 3476 repete-

276 3521 364 3590 rent,
384 3515 446 3578 fide
468 3521 572 3578 tamen
592 3533 699 3578 rerum
718 3514 778 3577 boc
798 3515 897 3577 solum
910 3513 1124 3579 confirmatum
1140 3521 1203 3590 est,
1225 3523 1258 3578 et
1275 3518 1359 3598 apud
1372 3519 1470 3580 Grae-

276 3655 329 3700 cos
354 3643 388 3700 ot
412 3638 497 3719 apud
520 3640 673 3699 Romanos
698 3637 857 3718 principes
877 3645 909 3700 et
929 3639 1092 3718 optimates
1110 3645 1205 3719 atque
1225 3646 1390 3720 tyrannos,
1415 3642 1469 3719 qui

275 3759 433 3834 dicuntur,
466 3758 648 3821 litterarum·
670 3765 703 3820 et
729 3759 890 3822 doctrinae
912 3729 1237 3837 sordiscariorum,
1269 3746 1467 3843 provocasse,

277 3881 476 3962 promovisse.
516 3882 623 3961 neque
636 3882 735 3944 solum
749 3883 974 3958 Pisistratidae,
996 3883 1100 3959 lliero,
1123 3885 1260 3948 Pericles
1277 3885 1311 3946 ln
1330 3885 1468 3947 emulum

277 4021 330 4067 ore
351 4011 528 4077 versantur,
551 4003 606 4066 sed
627 4004 823 4084 Scipionum,
845 4005 1029 4081 Laeliorum,
1053 4004 1264 4069 Gracchorum
1284 4023 1346 4070 ron
1366 4008 1468 4069 minor

277 4129 345 4190 laus
366 4125 437 4188 rut.
478 4129 586 4206 Neque
607 4127 677 4190 lieri
696 4133 814 4208 potest,
836 4135 872 4191 ut
890 4125 1048 4203 homines,
1073 4129 1127 4208 qui
1146 4129 1183 4210 ,iu
1211 4129 1359 4193 ductibus
1387 4147 1466 4192 cou-

276 4249 401 4312 ciouum
422 4255 597 4325 versantur,
619 4251 673 4330 qui
693 4250 881 4314 domesticiis
899 4251 1061 4314 discordiis
1080 4251 1307 4329 dietralnuntur,
1333 4269 1467 4334 quorum

277 4373 379 4436 omnia
413 4373 446 4435 in
485 4391 523 4436 eo
558 4381 711 4456 occupata
753 4381 827 4438 suut
859 4373 977 4450 studia,
1014 4382 1051 4438 ut
1082 4381 1138 4440 aut
1169 4375 1358 4457 aequitatem
1388 4373 1467 4442 iurlr
